1975 3119
855 151 999 179 SATIRA
1025 151 1088 178 111.

349 267 462 319 Quid
490 269 694 308 metuas?
720 291 775 294 —
804 267 1044 319 cultrixque
1074 268 1159 307 foci
1187 280 1336 307 secura
1364 268 1529 320 patella
1557 269 1633 308 est.

347 344 445 385 Hoc
473 344 579 384 satis
592 347 611 384 z)
635 345 704 384 An
731 343 882 384 deceat
907 344 1168 397 pulmonem
1193 357 1396 396 rumpere
1423 345 1578 387 ventis.

349 419 591 463 Stemmate
619 419 735 472 quod
761 419 899 460 Tusco
926 433 1099 460 ramum
1126 420 1360 460 millesime
1387 419 1522 464 ducis.

349 496 643 539 Censoremve
670 499 797 536 tuum
823 497 893 536 vel
920 496 1036 549 quod
1062 496 1258 537 trabeate
1286 497 1484 538 salutas?

348 573 415 615 Ad
440 574 656 627 populum
681 573 898 626 phaleras,
930 587 1007 625 ego
1036 577 1077 613 te
1104 574 1225 613 intus
1254 576 1295 613 et
1320 574 1368 613 in
1395 577 1492 614 cute
1519 574 1634 615 novi.

352 651 450 692 Non
477 650 613 704 pudet
642 647 892 706 adfmorem
920 650 1122 691 discincti
1148 651 1292 690 vivere
1321 651 1493 692 Nattae‘.)

350 726 435 769 Sed
463 730 609 780 stupet
638 728 706 767 hic
734 728 840 767 vitio
870 730 911 767 et
936 727 1057 768 fibris
1084 728 1269 767 increvit
1296 728 1495 781 opimum

352 805 532 857 Pingue,
564 808 681 845 caret
709 805 847 857 culpa.
878 805 1030 846 nescit.
1061 804 1165 856 quid
1190 804 1358 858 perdat.
1391 807 1433 845 et
1459 806 1547 846 alto

350 882 590 923 Demersus
619 895 790 921 summa
817 895 969 921 rursus
997 895 1089 922 non
1114 882 1243 922 bullit
1269 882 1318 922 in
1343 881 1473 922 unda.

348 959 509 1011 Magne
536 961 661 1011 pater
688 958 848 1001 divum.
880 972 1017 999 saevos
1043 960 1200 1011 punire
1228 962 1440 1009 tyrannos

348 1035 481 1076 Haud
510 1036 593 1076 alia
623 1036 794 1076 ratione
821 1036 941 1078 velis.
973 1049 1072 1075 cum
1099 1036 1190 1076 dira
1220 1036 1354 1076 libido

350 1112 539 1154 Moverit
564 1113 795 1165 ingenium
823 1113 1009 1152 ferventi
1035 1113 1171 1153 tincta
1195 1126 1392 1154 veneno:

348 1189 569 1230 Virtutem
594 1188 773 1230 videant
798 1189 1163 1241 intabescantque
1191 1190 1355 1230 relic-ta.

348 1267 477 1307 Anne
505 1267 645 1319 magis
673 1265 809 1307 Siculi
836 1270 1100 1318 gemuerunt
1127 1281 1211 1307 aera
1238 1267 1413 1307 iuvenci

349 1343 405 1384 Et
432 1344 571 1396 magis
599 1344 764 1384 auratis
790 1342 989 1396 pendens
1017 1344 1295 1396 laquearibus
1324 1346 1442 1385 ensis

350 1419 600 1472 Purpureas
628 1419 777 1459 subter
803 1420 991 1460 cervices
1019 1421 1198 1461 terruit:
1234 1420 1389 1462 «Imus.

351 1496 473 1537 Imus
499 1497 769 1550 praecipite-s»
803 1509 934 1548 quam
963 1497 997 1535 si
1027 1497 1106 1536 sibi
1136 1496 1250 1537 dic-at
1279 1501 1319 1537 et
1346 1499 1466 1539 intus

352 1574 519 1615 Palleat
545 1575 709 1616 infelix.
740 1574 855 1626 quod
880 1575 1080 1627 proxima
1107 1575 1274 1615 nesciat
1301 1580 1439 1617 uxor?

414 1649 536 1704 Saepe
565 1652 725 1694 oculos.
757 1651 952 1693 memini.
982 1651 1216 1703 tangebam
1242 1665 1403 1704 parms
1431 1653 1558 1695 olivo.

355 1727 551 1770 Grandia
579 1728 615 1768 si
642 1728 805 1768 nollem
832 1728 1035 1768 morituri
1062 1728 1190 1768 verba
1221 1728 1401 1768 Catonis

352 1804 531 1846 Discere
557 1819 649 1845 non
678 1819 784 1846 sano
815 1806 1005 1846 multum
1031 1805 1250 1846 laudanda
1279 1807 1502 1858 magistro,

355 1881 459 1933 Quae
486 1885 612 1935 pater
639 1881 837 1922 adductis
866 1882 1029 1923 sudans
1057 1882 1227 1923 audiret
1256 1883 1421 1923 amicis.

353 1957 454 1999 Iure
483 1959 647 1998 etenim
674 1958 717 1998 id
746 1972 980 2001 summum.
1012 1959 1114 2012 quid
1142 1958 1292 2000 dexter
1319 1961 1441 2000 senio
1471 1962 1612 2003 ferret.

358 2034 476 2077 Scire
506 2038 598 2076 erat
624 2037 671 2076 in
698 2040 811 2078 voto.
842 2036 1281 2077 danniosasscanicula
1312 2042 1528 2089 quantum

355 2111 558 2154 Raderet.
589 2116 784 2165 angustae
814 2113 926 2153 collo
955 2126 1046 2153 non
1075 2114 1218 2154 fallier
1245 2127 1366 2156 ore-ze.

357 2189 452 2230 Neu
479 2190 576 2242 quis
604 2189 803 2230 callidior
829 2190 991 2230 buxum
1019 2194 1221 2243 torquere
1249 2191 1435 2243 fiagello.

358 2266 490 2318 Hau-d
515 2266 596 2306 tibi
622 2267 901 2320 inexpertum
928 2281 1083 2308 curvos
1110 2267 1379 2320 deprendere
1408 2282 1563 2311 mores,

359 2343 549 2396 Quaeque
576 2343 702 2384 docet
730 2346 906 2397 sapiens
934 2345 1122 2386 bracatis
1150 2346 1274 2385 inlita
1304 2345 1444 2385 Medis

358 2419 568 2463 Porticus.
597 2421 817 2461 insomnis
844 2421 1001 2474 quibus
1030 2425 1071 2462 et
1098 2422 1278 2462 detonsa
1309 2423 1516 2463 inventus

359 2496 567 2550 Invigilat
595 2498 765 2550 siliquis
794 2503 833 2538 et
862 2498 1017 2551 grandi
1044 2505 1167 2552 pasta
1197 2500 1388 2551 polenta.

358 2573 414 2614 Et
439 2573 531 2616 tibi.
562 2587 655 2626 quae
685 2573 857 2615 Samios
885 2574 1053 2615 diduxit
1080 2576 1225 2616 litt-era
1254 2589 1411 2618 ramos

361 2648 623 2702 Surgentem
650 2650 798 2691 dextro
827 2653 1090 2692 monstravit
1118 2652 1255 2692 limite
1284 2653 1450 2693 callem.

1673 135 1717 169 29

1741 592 1776 616 30
