1975 3119
673 185 816 213 SATIRA
837 185 901 213 ΠΙ.
927 184 1090 213 27-30.
1571 172 1633 204 169

145 316 246 356 gere
272 301 401 358 virga
427 302 643 343 Fumosos
671 303 867 355 equitum
894 315 993 342 cum
1026 302 1238 343 dictatore
1265 304 1542 355 magistros».
1575 326 1636 331 —

143 379 398 431 millesime,
424 380 733 432 antiquitatem
760 379 937 420 familiae
967 378 1183 431 significat
1209 393 1288 432 per
1315 379 1508 420 auxesin.
1548 379 1634 419 Yo-

143 455 311 496 cativus
333 469 412 508 pro
434 457 722 500 nominativo.
743 459 792 496 ut
815 470 947 509 supra
964 456 995 497 Ι.
1021 457 1101 497 193
1119 473 1127 498 ;
1157 456 1345 497 «Audaci
1370 457 1633 509 quicumque

145 531 304 573 adflate
341 532 561 574 Cratino».
602 558 660 561 »-
700 532 990 575 Censoremw
1030 536 1158 575 tuum
1193 533 1257 575 vel
1284 532 1404 588 quod
1438 532 1635 574 trabeate

144 608 338 662 salutas,
361 610 432 650 vel
459 609 575 662 quod
602 624 758 650 censor
782 611 863 651 tibi
890 614 1103 663 cognatus
1144 610 1290 663 (tuus)
1330 613 1394 650 est
1419 610 1489 650 vel
1517 608 1635 663 quod

140 685 238 738 ipse
265 699 310 727 es
338 699 470 739 eques
506 686 735 727 Romanus
769 690 811 728 et
837 701 1065 729 censorem
1103 688 1150 728 in
1190 688 1395 728 sollemni
1436 688 1633 740 equitum

141 763 443 815 recognitione
470 764 694 805 trabeatus
722 765 899 806 salutas.
930 766 1097 806 Locum
1122 766 1184 805 ita
1213 765 1400 818 explicat
1437 765 1633 805 Bueche-

140 838 234 888 ler3
264 840 340 880 alii
367 840 588 882 scribunt:
622 855 847 883 censorem
878 843 1070 885 vetulum
1102 857 1152 883 ex
1176 847 1323 883 vetere
1366 843 1630 885 coniectura.

141 915 257 968 quia,
286 917 403 969 quod
434 917 481 957 in
508 917 729 960 codicibus
761 919 933 971 legitur.
964 932 1243 962 censoremve
1277 923 1405 962 {mmm
1447 923 1488 959 et
1527 931 1630 960 cen-

140 1004 377 1048 soremque
403 996 528 1036 tuum
556 999 738 1048 propter
764 1010 951 1049 sequens
973 997 1041 1038 <vel
1063 996 1293 1038 ferendum
1318 1011 1412 1037 esse
1439 1010 1532 1036 non
1552 1010 1633 1048 pu-

139 1072 249 1111 tant.
278 1069 446 1113 Censor
468 1073 643 1114 vetulus
677 1077 742 1114 est
769 1074 928 1114 horum
968 1075 1189 1115 sententia
1224 1076 1468 1128 imperator
1505 1073 1634 1115 Clau-

140 1146 252 1196 dius,
283 1149 355 1201 qui
383 1163 615 1191 censuram
643 1151 717 1191 diu
744 1152 1045 1192 intermissam
1079 1152 1272 1193 restituit
1301 1156 1341 1191 et
1369 1151 1631 1204 recognitio-

140 1237 245 1264 nem
284 1226 482 1278 equitum
520 1228 664 1280 prisco
706 1242 828 1269 more
869 1229 957 1281 egit
985 1243 1020 1270 a.
1050 1243 1090 1282 p.
1122 1231 1219 1271 Chr.
1249 1245 1290 1271 n.
1320 1231 1389 1271 48.
1420 1230 1480 1271 Cf.
1513 1229 1630 1271 Suet.

139 1299 291 1342 Claud.
315 1302 392 1344 16:
427 1303 599 1345 «Gessit
622 1307 664 1344 et
681 1318 925 1349 censuram.
944 1307 1248 1348 intermissam
1276 1308 1349 1348 diu
1375 1312 1477 1361 post
1503 1309 1632 1349 Plan-

138 1391 241 1419 cum
267 1378 539 1433 Paulumque
573 1395 802 1431 censores:
846 1383 921 1424 sed
949 1384 1062 1424 hanc
1100 1398 1271 1438 quoque
1310 1387 1635 1440 inaequabiliter

138 1455 349 1510 varioque
378 1460 420 1498 et
447 1459 596 1498 animo
637 1462 679 1499 et
719 1463 890 1501 eventu.
929 1460 1248 1514 Recognitione
1289 1464 1486 1516 equitum
1512 1465 1633 1507 iuve-

140 1547 245 1574 nem
282 1535 430 1587 probri
469 1536 664 1588 plenum.
702 1537 777 1577 sed
816 1552 945 1590 quem
984 1542 1110 1591 pater
1147 1540 1510 1592 probatissimum
1551 1542 1633 1583 sibi

140 1609 399 1654 affirmabat.
430 1612 524 1653 sine
550 1613 797 1665 ignominia
824 1615 1034 1656 dimisit».
1070 1616 1245 1658 Persius
1274 1622 1365 1658 erat
1391 1622 1497 1659 tunc
1523 1623 1634 1660 tem-

140 1688 261 1741 poris
301 1702 412 1741 puer
449 1691 800 1743 quattuordecim
839 1706 1058 1734 annorum
1097 1698 1355 1748 poteratque
1395 1697 1527 1738 huius
1570 1697 1634 1737 rei

138 1768 322 1820 propter
345 1767 487 1808 multa
512 1767 708 1811 ridicula.
739 1783 832 1822 quae
861 1769 1070 1811 Claudius
1111 1785 1330 1813 summam
1364 1774 1413 1813 in
1447 1787 1633 1815 censura

140 1841 419 1895 diligentiam
458 1844 667 1887 affectans
707 1846 874 1888 dixerat
914 1851 955 1888 et
995 1850 1168 1893 fecerat.
1209 1850 1320 1891 bene
1359 1852 1629 1893 meminisse.

150 1920 374 1975 Vetulu‘ms,
401 1924 631 1976 epitheton
669 1924 852 1966 Claudio
892 1928 1186 1977 conveniens:
1228 1933 1319 1969 erat
1354 1930 1472 1970 enim
1501 1944 1634 1971 senex

142 1997 401 2051 decrepitus.
432 1999 492 2040 Cf.
524 1999 640 2041 Suet.
671 2001 820 2044 Claud.
858 2003 937 2045 30:
984 2003 1212 2046 «Ceterum
1241 2010 1282 2046 et
1307 2006 1632 2059 ingredientem

141 2074 441 2117 destituebant
465 2078 658 2131 poplites
684 2081 833 2121 minus
871 2080 1010 2122 firmi.
1031 2114 1040 2122 .
1061 2115 1069 2122 .
1099 2086 1311 2135 praeterea
1338 2084 1499 2136 linguae
1526 2085 1630 2125 titu-

140 2153 293 2193 bantia
318 2158 534 2208 caputque
568 2170 667 2197 cum
706 2171 890 2211 semper.
919 2162 1015 2199 tum
1040 2160 1089 2200 in
1115 2161 1504 2214 quantulocunque
1533 2165 1631 2202 actu

141 2229 211 2270 vel
236 2232 425 2272 maxime
463 2234 757 2276 tremulum»:
800 2234 949 2276 senec.
984 2237 1163 2289 Apocol.
1193 2237 1240 2277 Y.
1271 2238 1322 2278 02:
1368 2237 1632 2278 «Nuntiatur

141 2306 234 2347 Iovi
265 2309 439 2349 venisse
478 2310 698 2362 quendam
724 2311 849 2352 bonae
893 2317 1082 2356 staturae.
1113 2314 1223 2354 bene
1264 2329 1435 2354 canum.
1474 2315 1628 2355 Nescio

141 2383 247 2438 quid
282 2385 410 2426 illum
448 2388 621 2428 minari.
665 2388 857 2429 Adsidue
901 2391 1020 2431 enim
1059 2394 1190 2444 caput
1231 2405 1418 2431 movere.
1474 2392 1629 2432 l'edeln

140 2460 340 2503 dextrum
367 2464 564 2504 trahere»
588 2479 595 2504 :
624 2465 719 2505 Juv.
748 2465 818 2506 VI.
848 2467 1092 2508 620—(323.
1123 2467 1174 2507 de
1203 2467 1410 2509 Claudio:

541 2647 548 2654 .
581 2617 716 2654 minus
746 2629 839 2666 ergo
870 2631 1022 2656 nocens
1053 2621 1131 2656 erit
1158 2620 1396 2669 Agrippina·

301 2692 481 2737 Boletus,
514 2694 547 2729 si
579 2693 742 2743 quidem
772 2696 894 2732 unius
924 2695 1145 2744 praecordia
1180 2697 1325 2745 pressit
