1975 3119
713 141 860 169 sA'rIRA
879 141 917 170 v.
944 140 1058 170 7—9.
1566 128 1634 162 937

145 258 243 298 ture
268 255 384 309 nari,-
409 259 597 309 quantas
624 258 791 298 robusti
819 260 1040 307 carminis.
1071 261 1196 312 quasi
1224 260 1320 303 cibi.
1348 260 1456 301 offas
1473 261 1540 301 vis
1557 274 1635 300 no-

142 332 211 373 bis
235 333 448 385 ingerere,
477 337 526 374 ut
552 336 594 374 te
624 338 801 375 centum
834 336 1086 386 gutturibus
1124 337 1208 376 niti
1248 339 1460 389 oporteat.
1503 337 1639 376 Poeta

143 410 374 450 continuat
399 411 708 463 metaphoram
735 411 787 452 de
816 412 911 452 cibo
938 426 999 452 vs.
1037 413 1073 452 3.
1103 412 1317 467 (fabula.
1346 446 1352 452 .
1384 447 1390 453 .
1414 413 1635 466 ponatur)

142 485 380 538 inceptam.
408 511 466 514 —
494 486 666 528 robusti
692 487 926 531 ‹faximfz'nis
958 489 1187 529 robustum
1226 502 1403 528 carmen
1442 488 1638 541 appellat

146 576 253 616 epos
279 566 356 604 aut
381 564 653 616 tragoediam.
684 565 842 617 quibus
870 579 1031 617 magna
1056 566 1122 605 vis
1150 566 1323 618 poetica
1339 567 1468 608 inest.
1498 568 1546 604 ut
1570 578 1636 605 ro-

143 639 300 680 bustus
328 641 580 693 appellatur
605 642 740 686 cibus,
770 642 842 694 qui
877 642 1067 682 multum
1096 643 1358 682 alimentum
1385 643 1433 682 in
1460 656 1505 681 se
1535 654 1637 681 con-

143 716 269 757 tinet.
311 716 372 758 Cf.
414 717 524 759 Cels.
564 718 629 758 De
668 718 780 758 med.
824 718 878 758 H.
928 718 1004 759 18:
1050 718 1194 758 «Inter
1232 718 1496 758 domesticos
1535 731 1636 757 vero

145 792 450 846 quadrupedes
476 795 699 835 levissima
729 795 858 835 suilla
887 798 963 837 est.
994 795 1254 847 gravissima
1286 795 1475 836 bubula:
1510 796 1636 835 item-

146 883 229 922 que
258 883 309 910 ex
334 872 450 916 feris.
480 886 565 924 quo
593 873 737 912 maius
764 872 966 924 quodque
995 873 1174 915 animal.
1202 886 1251 912 eo
1270 872 1501 913 robustior·
1519 886 1568 911 ex
1588 885 1636 911 eo

145 947 268 988 cibus
308 950 411 989 est.»
454 972 514 977 —
549 948 676 1003 offas,
718 950 769 989 cf.
812 948 927 988 Fest.
959 962 989 988 s,
1019 962 1056 988 v.
1087 947 1325 989 Poenimm
1357 960 1411 1001 (p.
1444 949 1539 989 314.
1571 948 1634 988 ed.

147 1023 433 1074 Thewrewk):
480 1026 711 1078 «antiqui.
741 1058 749 1066 .
778 1058 787 1066 .
833 1025 965 1066 offam
1003 1025 1219 1066 vocabant
1258 1026 1478 1066 abscisum
1521 1025 1638 1077 globi

148 1101 301 1149 forma,
340 1103 390 1142 ut
429 1115 566 1142 manu
600 1103 889 1154 glomeratam
928 1103 1141 1155 pultem».
1183 1128 1241 1131 —-
1279 1101 1468 1157 Iugeri-s.
1510 1104 1638 1143 nobis

147 1177 325 1225 obiicis;
353 1179 406 1218 cf.
434 1179 552 1220 infra
572 1193 656 1220 vss.
687 1179 942 1220 177—178:
983 1180 1120 1220 «cicer
1141 1181 1292 1232 ingere
1316 1181 1435 1232 large
1459 1180 1636 1220 Bixanti

146 1255 354 1307 populo».
394 1281 452 1283 —
490 1259 672 1298 centeno
711 1259 908 1311 gutture,
947 1270 1026 1309 pro
1070 1260 1248 1297 centum
1286 1258 1549 1309 gutturibus,
1591 1262 1639 1297 ut

146 1330 272 1384 Verg.
293 1331 419 1374 ⁴Aen.
449 1332 499 1373 X.
535 1334 647 1375 ⁶207:
681 1338 892 1375 «centena
931 1334 1109 1374 arbore»
1153 1348 1232 1386 pro
1262 1337 1441 1374 centum
1475 1335 1638 1375 arbori-

147 1409 240 1450 bus.
268 1434 327 1438 ——
351 1409 449 1455 niti,
479 1412 604 1463 quasi
630 1413 874 1464 parturire;
904 1414 956 1452 cf.
986 1411 1060 1453 Ov.
1090 1411 1193 1453 Met.
1221 1412 1296 1452 ΙΧ.
1322 1413 1566 1454 302ffi303.
1587 1412 1640 1452 de

147 1485 358 1527 Alcmene
386 1489 687 1539 parturiente:
723 1487 880 1531 «Nitor
908 1492 950 1529 et
976 1490 1149 1541 ingrato
1190 1490 1300 1530 facio
1341 1489 1539 1530 convicia
1566 1489 1638 1530 de-

148 1576 276 1603 mens
289 1563 413 1605 Vana
428 1564 453 1605 J
456 1565 525 1605 ovi
534 1582 549 1601 »
571 1568 613 1605 et
626 1565 733 1606 Hor.
750 1567 799 1606 A.
813 1566 857 1606 P.
873 1567 966 1607 139.
981 1566 1032 1606 de
1048 1570 1179 1619 poeta
1196 1580 1357 1619 magno
1374 1580 1448 1607 ore
1461 1580 1639 1607 carmen

147 1639 416 1693 incipiente:
450 1641 725 1682 «Parturient
750 1647 938 1685 montes,
967 1646 1175 1683 nascetur
1200 1643 1410 1684 ridiculus
1437 1658 1578 1686 mus».

219 1716 268 1757 V.
298 1718 425 1759 7—9.
461 1715 647 1759 Gra-mle
689 1718 896 1762 locuturi.
927 1723 1068 1771 poetae
1110 1719 1402 1772 grandiloqui.
1446 1722 1558 1773 epici
1599 1726 1641 1763 et

149 1794 329 1846 tragici3
358 1795 410 1835 cf.
440 1794 777 1835 adnotationem
806 1795 861 1836 ad
886 1796 919 1836 Ι.
953 1796 987 1836 l.
1021 1796 1099 1837 14:
1130 1796 1331 1837 «Grande
1355 1797 1560 1850 aliquid.»
1584 1824 1633 1827 e-

151 1870 338 1912 nebulas
363 1869 580 1913 Helicone
608 1871 802 1927 leyzmto,
830 1873 1120 1926 grandiloquo
1144 1873 1318 1914 dicendi
1336 1887 1495 1927 genere
1512 1880 1640 1917 utan-

149 1950 245 1996 tur;
273 1948 476 1988 imitatur
499 1948 749 1993 Horatium,
779 1950 851 2002 qui
881 1950 943 1999 (A.
974 1950 1017 1991 P.
1047 1951 1162 1993 2303
1189 1950 1241 1990 de
1269 1952 1446 1991 auctore
1474 1951 1641 1992 fabula-

151 2037 249 2064 rum
276 2022 574 2077 Satyricarum
601 2025 731 2066 dicit:
765 2027 875 2066 «Aut
901 2026 1007 2067 dum
1043 2028 1154 2068 vitat
1192 2028 1390 2070 humum.
1419 2027 1559 2067 nubes
1601 2032 1643 2067 et

150 2101 304 2141 inania
331 2104 518 2153 captet».
546 2126 603 2129 -κ-
629 2101 854 2147 Helicone.
883 2104 931 2143 in
957 2107 1108 2144 monte
1135 2103 1376 2146 Musarum.
1406 2103 1522 2144 unde
1543 2104 1640 2143 Per-

152 2178 243 2217 sius
271 2191 315 2217 se
342 2179 451 2230 prol.
481 2180 520 2219 4.
551 2180 745 2220 exclusit.
776 2204 833 2207 —
866 2179 916 2222 Se·
952 2181 1116 2234 quibus
1146 2182 1224 2222 aul
1261 2179 1458 2222 Procnes
1499 2184 1577 2222 aut
1605 2182 1643 2221 si

151 2253 315 2308 quibus
342 2254 431 2296 olla
479 2253 694 2310 Thyes-tce.
736 2257 893 2297 fabulae
932 2258 1177 2298 notissimae
1217 2271 1242 2298 a
1281 2259 1424 2309 poetis
1465 2259 1642 2309 tragicis

152 2331 395 2384 saepissime
420 2334 630 2373 tractatae.
666 2330 850 2375 Tereum
873 2336 915 2374 et
932 2334 1123 2375 Atreum
1143 2333 1395 2386 Sophocles,
1424 2332 1640 2387 Thyesten

151 2407 386 2460 Euripides
429 2409 616 2461 scripsit.
659 2409 782 2449 Inter
819 2410 1055 2462 tragoedias
1094 2411 1318 2452 Romanas
1357 2411 1639 2452 celeberrima

153 2486 246 2525 erat
267 2484 387 2525 Varii
418 2483 653 2539 Thyestes;
679 2488 819 2525 exstat
840 2486 968 2526 nobis
1000 2485 1207 2539 Thyestes
1233 2486 1420 2528 seneoae.
1446 2488 1509 2528 Cf.
1533 2488 1639 2529 Hor.

152 2562 202 2603 A.
230 2561 274 2602 P.
307 2562 414 2603 187:
448 2563 559 2604 «Aut
584 2563 631 2602 in
658 2576 784 2603 avem
812 2563 977 2603 Procne
1004 2566 1243 2605 vertaturn:
1272 2563 1368 2604 Juv.
1399 2563 1470 2605 YI.
1500 2564 1643 2604 ‹343—

153 2640 264 2681 (3442
297 2638 562 2680 «Credamus
599 2640 790 2691 tragicis.
820 2639 1031 2692 quidquid
1058 2639 1110 2680 de
1139 2639 1348 2680 Colchide
1377 2644 1499 2681 torva.
1526 2641 1642 2680 Dici-
