<?xml version="1.0" encoding="UTF-8"?>
<!DOCTYPE html PUBLIC "-//W3C//DTD XHTML 1.0 Transitional//EN"
    "http://www.w3.org/TR/xhtml1/DTD/xhtml1-transitional.dtd">
<html xmlns="http://www.w3.org/1999/xhtml" xml:lang="en" lang="en">
 <head>
  <title>
</title>
<meta http-equiv="Content-Type" content="text/html;charset=utf-8" />
  <meta name='ocr-system' content='tesseract 3.04.00' />
  <meta name='ocr-capabilities' content='ocr_page ocr_carea ocr_par ocr_line ocrx_word'/>
</head>
<body>
  <div class='ocr_page' id='page_1' title='image "./satiraeediditadn00persuoft_0037.png"; bbox 0 0 1975 3119; ppageno 0'>
   <div class='ocr_carea' id='block_1_1' title="bbox 847 171 1068 200">
    <p class='ocr_par' dir='ltr' id='par_1_1' title="bbox 847 171 1068 200">
     <span class='ocr_line' id='line_1_1' title="bbox 847 171 1068 200; baseline 0.005 -1"><span class='ocrx_word' id='word_1_1' title='bbox 847 171 991 199; x_wconf 73' lang='lat' dir='ltr'>SATIRA</span> <span class='ocrx_word' id='word_1_2' title='bbox 1013 172 1068 200; x_wconf 81' lang='lat' dir='ltr'>IV.</span> 
     </span>
    </p>
   </div>
   <div class='ocr_carea' id='block_1_2' title="bbox 257 287 1634 2341">
    <p class='ocr_par' dir='ltr' id='par_1_2' title="bbox 257 287 1634 2341">
     <span class='ocr_line' id='line_1_2' title="bbox 271 287 1588 341; baseline 0.002 -14"><span class='ocrx_word' id='word_1_3' title='bbox 271 287 426 328; x_wconf 86' lang='lat' dir='ltr'>«Dives</span> <span class='ocrx_word' id='word_1_4' title='bbox 454 292 548 328; x_wconf 85' lang='lat' dir='ltr'>arat</span> <span class='ocrx_word' id='word_1_5' title='bbox 575 288 773 331; x_wconf 81' lang='lat' dir='ltr'>Curibus.</span> <span class='ocrx_word' id='word_1_6' title='bbox 804 293 1019 341; x_wconf 83' lang='lat' dir='ltr'>quantum</span> <span class='ocrx_word' id='word_1_7' title='bbox 1042 302 1134 328; x_wconf 92' lang='lat' dir='ltr'>non</span> <span class='ocrx_word' id='word_1_8' title='bbox 1161 290 1327 330; x_wconf 84' lang='lat' dir='ltr'>miluus</span> <span class='ocrx_word' id='word_1_9' title='bbox 1356 293 1511 330; x_wconf 86' lang='lat' dir='ltr'>errat».</span> <span class='ocrx_word' id='word_1_10' title='bbox 1541 314 1588 318; x_wconf 76' lang='lat'>—</span> 
     </span>
     <span class='ocr_line' id='line_1_3' title="bbox 271 362 1388 417; baseline 0.003 -14"><span class='ocrx_word' id='word_1_11' title='bbox 271 362 426 404; x_wconf 86' lang='lat' dir='ltr'>«Hunc</span> <span class='ocrx_word' id='word_1_12' title='bbox 453 364 529 406; x_wconf 85' lang='lat' dir='ltr'>ais.</span> <span class='ocrx_word' id='word_1_13' title='bbox 559 364 678 404; x_wconf 87' lang='lat' dir='ltr'>hunc</span> <span class='ocrx_word' id='word_1_14' title='bbox 706 364 772 404; x_wconf 83' lang='lat' dir='ltr'>dis</span> <span class='ocrx_word' id='word_1_15' title='bbox 798 365 923 405; x_wconf 89' lang='lat' dir='ltr'>iratis</span> <span class='ocrx_word' id='word_1_16' title='bbox 950 365 1167 417; x_wconf 82' lang='lat' dir='ltr'>genioque</span> <span class='ocrx_word' id='word_1_17' title='bbox 1197 366 1388 407; x_wconf 88' lang='lat' dir='ltr'>sinistro.</span> 
     </span>
     <span class='ocr_line' id='line_1_4' title="bbox 265 439 1469 495; baseline 0.003 -16"><span class='ocrx_word' id='word_1_18' title='bbox 265 439 361 490; x_wconf 80' lang='lat' dir='ltr'>Qui,</span> <span class='ocrx_word' id='word_1_19' title='bbox 390 440 652 493; x_wconf 77' lang='lat' dir='ltr'>quandoque</span> <span class='ocrx_word' id='word_1_20' title='bbox 679 441 832 493; x_wconf 87' lang='lat' dir='ltr'>iugum</span> <span class='ocrx_word' id='word_1_21' title='bbox 859 445 1038 494; x_wconf 75' lang='lat' dir='ltr'>pertusa</span> <span class='ocrx_word' id='word_1_22' title='bbox 1066 441 1120 482; x_wconf 84' lang='lat' dir='ltr'>ad</span> <span class='ocrx_word' id='word_1_23' title='bbox 1147 443 1335 495; x_wconf 82' lang='lat' dir='ltr'>compita</span> <span class='ocrx_word' id='word_1_24' title='bbox 1364 443 1469 494; x_wconf 84' lang='lat' dir='ltr'>figit.</span> 
     </span>
     <span class='ocr_line' id='line_1_5' title="bbox 266 515 1324 562; baseline 0.003 -5"><span class='ocrx_word' id='word_1_25' title='bbox 266 515 442 558; x_wconf 84' lang='lat' dir='ltr'>Seriolae</span> <span class='ocrx_word' id='word_1_26' title='bbox 469 522 662 558; x_wconf 89' lang='lat' dir='ltr'>veterem</span> <span class='ocrx_word' id='word_1_27' title='bbox 689 522 893 559; x_wconf 89' lang='lat' dir='ltr'>metuens</span> <span class='ocrx_word' id='word_1_28' title='bbox 920 518 1128 560; x_wconf 86' lang='lat' dir='ltr'>deradere</span> <span class='ocrx_word' id='word_1_29' title='bbox 1156 520 1324 562; x_wconf 83' lang='lat' dir='ltr'>limum.</span> 
     </span>
     <span class='ocr_line' id='line_1_6' title="bbox 263 592 1634 646; baseline 0.004 -12"><span class='ocrx_word' id='word_1_30' title='bbox 263 592 478 646; x_wconf 84' lang='lat' dir='ltr'>Ingemit:</span> <span class='ocrx_word' id='word_1_31' title='bbox 513 595 631 636; x_wconf 92' lang='lat' dir='ltr'>«Hoc</span> <span class='ocrx_word' id='word_1_32' title='bbox 657 596 769 636; x_wconf 91' lang='lat' dir='ltr'>bene</span> <span class='ocrx_word' id='word_1_33' title='bbox 797 597 875 637; x_wconf 85' lang='lat' dir='ltr'>sit»</span> <span class='ocrx_word' id='word_1_34' title='bbox 908 598 1156 637; x_wconf 80' lang='lat' dir='ltr'>tunicatum</span> <span class='ocrx_word' id='word_1_35' title='bbox 1184 611 1283 637; x_wconf 86' lang='lat' dir='ltr'>cum</span> <span class='ocrx_word' id='word_1_36' title='bbox 1311 598 1399 638; x_wconf 89' lang='lat' dir='ltr'>sale</span> <span class='ocrx_word' id='word_1_37' title='bbox 1428 598 1634 640; x_wconf 85' lang='lat' dir='ltr'>mordens</span> 
     </span>
     <span class='ocr_line' id='line_1_7' title="bbox 264 668 1385 726; baseline 0.004 -17"><span class='ocrx_word' id='word_1_38' title='bbox 264 668 402 722; x_wconf 84' lang='lat' dir='ltr'>Caepe.</span> <span class='ocrx_word' id='word_1_39' title='bbox 433 674 475 710; x_wconf 88' lang='lat' dir='ltr'>et</span> <span class='ocrx_word' id='word_1_40' title='bbox 502 672 711 712; x_wconf 85' lang='lat' dir='ltr'>farratam</span> <span class='ocrx_word' id='word_1_41' title='bbox 736 673 885 725; x_wconf 89' lang='lat' dir='ltr'>pueris</span> <span class='ocrx_word' id='word_1_42' title='bbox 911 673 1224 726; x_wconf 74' lang='lat' dir='ltr'>plaudentibus</span> <span class='ocrx_word' id='word_1_43' title='bbox 1253 675 1385 715; x_wconf 85' lang='lat' dir='ltr'>ollam</span> 
     </span>
     <span class='ocr_line' id='line_1_8' title="bbox 263 746 1318 793; baseline 0.005 -6"><span class='ocrx_word' id='word_1_44' title='bbox 263 746 515 788; x_wconf 83' lang='lat' dir='ltr'>Pannosam</span> <span class='ocrx_word' id='word_1_45' title='bbox 543 750 693 789; x_wconf 76' lang='lat' dir='ltr'>faecem</span> <span class='ocrx_word' id='word_1_46' title='bbox 719 750 950 790; x_wconf 84' lang='lat' dir='ltr'>morientis</span> <span class='ocrx_word' id='word_1_47' title='bbox 979 751 1124 791; x_wconf 88' lang='lat' dir='ltr'>sorbet</span> <span class='ocrx_word' id='word_1_48' title='bbox 1153 753 1318 793; x_wconf 65' lang='grc'><strong>300119»</strong></span> 
     </span>
     <span class='ocr_line' id='line_1_9' title="bbox 262 823 1322 879; baseline 0.006 -16"><span class='ocrx_word' id='word_1_49' title='bbox 262 823 318 863; x_wconf 87' lang='grc' dir='ltr'>Α1</span> <span class='ocrx_word' id='word_1_50' title='bbox 345 824 381 864; x_wconf 86' lang='grc'>51</span> <span class='ocrx_word' id='word_1_51' title='bbox 407 828 567 865; x_wconf 90' lang='lat' dir='ltr'>unctus</span> <span class='ocrx_word' id='word_1_52' title='bbox 595 838 737 866; x_wconf 79' lang='lat' dir='ltr'>cesses</span> <span class='ocrx_word' id='word_1_53' title='bbox 766 828 807 866; x_wconf 90' lang='lat' dir='ltr'>et</span> <span class='ocrx_word' id='word_1_54' title='bbox 832 825 941 879; x_wconf 87' lang='lat' dir='ltr'>figas</span> <span class='ocrx_word' id='word_1_55' title='bbox 968 827 1014 867; x_wconf 91' lang='lat' dir='ltr'>in</span> <span class='ocrx_word' id='word_1_56' title='bbox 1042 830 1139 867; x_wconf 85' lang='lat' dir='ltr'>cute</span> <span class='ocrx_word' id='word_1_57' title='bbox 1168 828 1322 871; x_wconf 82' lang='lat' dir='ltr'>solem.</span> 
     </span>
     <span class='ocr_line' id='line_1_10' title="bbox 261 899 1442 956; baseline 0.004 -16"><span class='ocrx_word' id='word_1_58' title='bbox 261 899 340 940; x_wconf 86' lang='lat' dir='ltr'>Est</span> <span class='ocrx_word' id='word_1_59' title='bbox 365 913 501 954; x_wconf 83' lang='lat' dir='ltr'>prope</span> <span class='ocrx_word' id='word_1_60' title='bbox 529 905 571 941; x_wconf 91' lang='lat' dir='ltr'>te</span> <span class='ocrx_word' id='word_1_61' title='bbox 598 902 788 954; x_wconf 80' lang='lat' dir='ltr'>ignotus,</span> <span class='ocrx_word' id='word_1_62' title='bbox 818 903 964 943; x_wconf 87' lang='lat' dir='ltr'>cubito</span> <span class='ocrx_word' id='word_1_63' title='bbox 993 904 1067 956; x_wconf 89' lang='lat' dir='ltr'>qui</span> <span class='ocrx_word' id='word_1_64' title='bbox 1093 907 1245 956; x_wconf 83' lang='lat' dir='ltr'>tangat</span> <span class='ocrx_word' id='word_1_65' title='bbox 1274 908 1314 944; x_wconf 81' lang='lat' dir='ltr'>et</span> <span class='ocrx_word' id='word_1_66' title='bbox 1344 918 1442 945; x_wconf 86' lang='lat' dir='ltr'>acre</span> 
     </span>
     <span class='ocr_line' id='line_1_11' title="bbox 260 976 1497 1033; baseline 0.004 -16"><span class='ocrx_word' id='word_1_67' title='bbox 260 976 482 1030; x_wconf 85' lang='lat' dir='ltr'>Despuat:</span> <span class='ocrx_word' id='word_1_68' title='bbox 517 977 599 1018; x_wconf 88' lang='lat' dir='ltr'>«Hi</span> <span class='ocrx_word' id='word_1_69' title='bbox 626 992 782 1022; x_wconf 84' lang='lat' dir='ltr'>mores.</span> <span class='ocrx_word' id='word_1_70' title='bbox 811 993 1058 1032; x_wconf 77' lang='lat' dir='ltr'>penemque</span> <span class='ocrx_word' id='word_1_71' title='bbox 1086 994 1330 1033; x_wconf 85' lang='lat' dir='ltr'>arcanaque</span> <span class='ocrx_word' id='word_1_72' title='bbox 1359 982 1497 1022; x_wconf 87' lang='lat' dir='ltr'>lumbi</span> 
     </span>
     <span class='ocr_line' id='line_1_12' title="bbox 259 1052 1421 1110; baseline 0.005 -17"><span class='ocrx_word' id='word_1_73' title='bbox 259 1052 537 1094; x_wconf 87' lang='lat' dir='ltr'>Runcantem</span> <span class='ocrx_word' id='word_1_74' title='bbox 564 1056 729 1108; x_wconf 89' lang='lat' dir='ltr'>populo</span> <span class='ocrx_word' id='word_1_75' title='bbox 756 1057 994 1097; x_wconf 88' lang='lat' dir='ltr'>marcentis</span> <span class='ocrx_word' id='word_1_76' title='bbox 1022 1057 1214 1110; x_wconf 84' lang='lat' dir='ltr'>pandere</span> <span class='ocrx_word' id='word_1_77' title='bbox 1242 1059 1421 1099; x_wconf 79' lang='lat' dir='ltr'>vulvas!</span> 
     </span>
     <span class='ocr_line' id='line_1_13' title="bbox 261 1129 1427 1188; baseline 0.005 -19"><span class='ocrx_word' id='word_1_78' title='bbox 261 1129 392 1175; x_wconf 82' lang='lat' dir='ltr'>Tunc,</span> <span class='ocrx_word' id='word_1_79' title='bbox 422 1129 522 1171; x_wconf 86' lang='lat' dir='ltr'>cum</span> <span class='ocrx_word' id='word_1_80' title='bbox 548 1132 737 1173; x_wconf 75' lang='lat' dir='ltr'>maxilh&#39;s</span> <span class='ocrx_word' id='word_1_81' title='bbox 763 1133 1022 1174; x_wconf 84' lang='lat' dir='ltr'>balanatum</span> <span class='ocrx_word' id='word_1_82' title='bbox 1048 1148 1240 1187; x_wconf 77' lang='lat' dir='ltr'>gausape</span> <span class='ocrx_word' id='word_1_83' title='bbox 1266 1139 1427 1188; x_wconf 79' lang='lat' dir='ltr'>pectas.</span> 
     </span>
     <span class='ocr_line' id='line_1_14' title="bbox 260 1206 1350 1263; baseline 0.006 -17"><span class='ocrx_word' id='word_1_84' title='bbox 260 1206 522 1259; x_wconf 83' lang='lat' dir='ltr'>Inguinibus</span> <span class='ocrx_word' id='word_1_85' title='bbox 549 1222 683 1261; x_wconf 87' lang='lat' dir='ltr'>quare</span> <span class='ocrx_word' id='word_1_86' title='bbox 709 1209 921 1251; x_wconf 87' lang='lat' dir='ltr'>detonsus</span> <span class='ocrx_word' id='word_1_87' title='bbox 948 1211 1149 1263; x_wconf 86' lang='lat' dir='ltr'>gurgulio</span> <span class='ocrx_word' id='word_1_88' title='bbox 1179 1215 1350 1253; x_wconf 72' lang='lat' dir='ltr'>exstat?</span> 
     </span>
     <span class='ocr_line' id='line_1_15' title="bbox 261 1283 1423 1341; baseline 0.004 -17"><span class='ocrx_word' id='word_1_89' title='bbox 261 1283 463 1337; x_wconf 83' lang='lat' dir='ltr'>Quinque</span> <span class='ocrx_word' id='word_1_90' title='bbox 489 1286 738 1338; x_wconf 81' lang='lat' dir='ltr'>palaestritae</span> <span class='ocrx_word' id='word_1_91' title='bbox 764 1287 868 1327; x_wconf 82' lang='lat' dir='ltr'>licet</span> <span class='ocrx_word' id='word_1_92' title='bbox 894 1288 986 1328; x_wconf 82' lang='lat' dir='ltr'>haec</span> <span class='ocrx_word' id='word_1_93' title='bbox 1011 1289 1231 1341; x_wconf 83' lang='lat' dir='ltr'>plantaria</span> <span class='ocrx_word' id='word_1_94' title='bbox 1258 1290 1423 1330; x_wconf 69' lang='lat' dir='ltr'>vellant</span> 
     </span>
     <span class='ocr_line' id='line_1_16' title="bbox 258 1360 1338 1417; baseline 0.005 -16"><span class='ocrx_word' id='word_1_95' title='bbox 258 1360 492 1414; x_wconf 75' lang='lat' dir='ltr'>Elixasque</span> <span class='ocrx_word' id='word_1_96' title='bbox 518 1366 644 1404; x_wconf 86' lang='lat' dir='ltr'>nates</span> <span class='ocrx_word' id='word_1_97' title='bbox 670 1363 937 1405; x_wconf 80' lang='lat' dir='ltr'>labefactent</span> <span class='ocrx_word' id='word_1_98' title='bbox 964 1365 1128 1417; x_wconf 81' lang='lat' dir='ltr'>forcipe</span> <span class='ocrx_word' id='word_1_99' title='bbox 1157 1364 1338 1408; x_wconf 80' lang='lat' dir='ltr'>adunca.</span> 
     </span>
     <span class='ocr_line' id='line_1_17' title="bbox 258 1437 1390 1482; baseline 0.004 -4"><span class='ocrx_word' id='word_1_100' title='bbox 258 1437 358 1478; x_wconf 93' lang='lat' dir='ltr'>Non</span> <span class='ocrx_word' id='word_1_101' title='bbox 382 1441 534 1479; x_wconf 88' lang='lat' dir='ltr'>tamen</span> <span class='ocrx_word' id='word_1_102' title='bbox 558 1440 644 1480; x_wconf 86' lang='lat' dir='ltr'>ista</span> <span class='ocrx_word' id='word_1_103' title='bbox 671 1441 774 1480; x_wconf 64' lang='lat' dir='ltr'>fehx</span> <span class='ocrx_word' id='word_1_104' title='bbox 795 1441 885 1481; x_wconf 89' lang='lat' dir='ltr'>ullo</span> <span class='ocrx_word' id='word_1_105' title='bbox 913 1442 1182 1482; x_wconf 71' lang='lat' dir='ltr'>mansuescit</span> <span class='ocrx_word' id='word_1_106' title='bbox 1205 1446 1348 1482; x_wconf 87' lang='grc'><strong>313110</strong></span> <span class='ocrx_word' id='word_1_107' title='bbox 1360 1459 1390 1482; x_wconf 86' lang='lat'>·›.</span> 
     </span>
     <span class='ocr_line' id='line_1_18' title="bbox 318 1513 1497 1571; baseline 0.003 -16"><span class='ocrx_word' id='word_1_108' title='bbox 318 1513 537 1557; x_wconf 85' lang='lat' dir='ltr'>Caedimus</span> <span class='ocrx_word' id='word_1_109' title='bbox 562 1517 696 1569; x_wconf 88' lang='lat' dir='ltr'>inque</span> <span class='ocrx_word' id='word_1_110' title='bbox 721 1518 863 1558; x_wconf 87' lang='lat' dir='ltr'>vicem</span> <span class='ocrx_word' id='word_1_111' title='bbox 888 1518 1134 1570; x_wconf 79' lang='lat' dir='ltr'>praebemus</span> <span class='ocrx_word' id='word_1_112' title='bbox 1161 1532 1285 1559; x_wconf 86' lang='lat' dir='ltr'>crura</span> <span class='ocrx_word' id='word_1_113' title='bbox 1315 1519 1497 1571; x_wconf 73' lang='lat' dir='ltr'>sagittis.</span> 
     </span>
     <span class='ocr_line' id='line_1_19' title="bbox 257 1591 1322 1646; baseline 0.003 -14"><span class='ocrx_word' id='word_1_114' title='bbox 257 1591 430 1633; x_wconf 76' lang='lat' dir='ltr'>Vivitur</span> <span class='ocrx_word' id='word_1_115' title='bbox 455 1593 540 1634; x_wconf 88' lang='lat' dir='ltr'>hoc</span> <span class='ocrx_word' id='word_1_116' title='bbox 560 1598 700 1646; x_wconf 86' lang='lat' dir='ltr'>pacto.</span> <span class='ocrx_word' id='word_1_117' title='bbox 732 1595 792 1634; x_wconf 89' lang='grc'>510</span> <span class='ocrx_word' id='word_1_118' title='bbox 818 1595 1035 1636; x_wconf 74' lang='lat' dir='ltr'>novimus.</span> <span class='ocrx_word' id='word_1_119' title='bbox 1064 1596 1145 1636; x_wconf 83' lang='lat' dir='ltr'>Ilia</span> <span class='ocrx_word' id='word_1_120' title='bbox 1173 1596 1322 1637; x_wconf 90' lang='lat' dir='ltr'>subter</span> 
     </span>
     <span class='ocr_line' id='line_1_20' title="bbox 260 1666 1345 1715; baseline 0.004 -6"><span class='ocrx_word' id='word_1_121' title='bbox 260 1666 432 1709; x_wconf 84' lang='lat' dir='ltr'>Caecum</span> <span class='ocrx_word' id='word_1_122' title='bbox 457 1670 618 1711; x_wconf 86' lang='lat' dir='ltr'>vulnus</span> <span class='ocrx_word' id='word_1_123' title='bbox 644 1671 790 1715; x_wconf 80' lang='lat' dir='ltr'>habes,</span> <span class='ocrx_word' id='word_1_124' title='bbox 823 1671 898 1712; x_wconf 87' lang='lat' dir='ltr'>sed</span> <span class='ocrx_word' id='word_1_125' title='bbox 923 1673 1012 1713; x_wconf 84' lang='lat' dir='ltr'>lato</span> <span class='ocrx_word' id='word_1_126' title='bbox 1040 1673 1211 1713; x_wconf 83' lang='lat' dir='ltr'>balteus</span> <span class='ocrx_word' id='word_1_127' title='bbox 1239 1687 1345 1714; x_wconf 89' lang='lat' dir='ltr'>auro</span> 
     </span>
     <span class='ocr_line' id='line_1_21' title="bbox 259 1744 1423 1802; baseline 0.004 -17"><span class='ocrx_word' id='word_1_128' title='bbox 259 1744 473 1799; x_wconf 84' lang='lat' dir='ltr'>Praetegit.</span> <span class='ocrx_word' id='word_1_129' title='bbox 503 1746 561 1788; x_wconf 87' lang='lat' dir='ltr'>Ut</span> <span class='ocrx_word' id='word_1_130' title='bbox 586 1748 737 1790; x_wconf 86' lang='lat' dir='ltr'>mavis.</span> <span class='ocrx_word' id='word_1_131' title='bbox 768 1747 822 1788; x_wconf 88' lang='lat' dir='ltr'>da</span> <span class='ocrx_word' id='word_1_132' title='bbox 844 1749 974 1789; x_wconf 85' lang='lat' dir='ltr'>verba</span> <span class='ocrx_word' id='word_1_133' title='bbox 1003 1752 1045 1789; x_wconf 90' lang='lat' dir='ltr'>et</span> <span class='ocrx_word' id='word_1_134' title='bbox 1071 1749 1223 1802; x_wconf 79' lang='lat' dir='ltr'>decipe</span> <span class='ocrx_word' id='word_1_135' title='bbox 1250 1763 1423 1792; x_wconf 85' lang='lat' dir='ltr'>nervos.</span> 
     </span>
     <span class='ocr_line' id='line_1_22' title="bbox 260 1820 1327 1877; baseline 0.005 -15"><span class='ocrx_word' id='word_1_136' title='bbox 260 1820 307 1863; x_wconf 78' lang='lat' dir='ltr'>Si</span> <span class='ocrx_word' id='word_1_137' title='bbox 330 1825 469 1876; x_wconf 88' lang='lat' dir='ltr'>potes.</span> <span class='ocrx_word' id='word_1_138' title='bbox 504 1823 764 1877; x_wconf 81' lang='lat' dir='ltr'>«Egregium</span> <span class='ocrx_word' id='word_1_139' title='bbox 790 1838 890 1865; x_wconf 92' lang='lat' dir='ltr'>cum</span> <span class='ocrx_word' id='word_1_140' title='bbox 917 1839 986 1865; x_wconf 91' lang='lat' dir='ltr'>me</span> <span class='ocrx_word' id='word_1_141' title='bbox 1013 1826 1171 1866; x_wconf 78' lang='lat' dir='ltr'>vicinia</span> <span class='ocrx_word' id='word_1_142' title='bbox 1201 1825 1327 1869; x_wconf 83' lang='lat' dir='ltr'>dicat.</span> 
     </span>
     <span class='ocr_line' id='line_1_23' title="bbox 259 1898 1453 1956; baseline 0.003 -16"><span class='ocrx_word' id='word_1_143' title='bbox 259 1898 358 1940; x_wconf 90' lang='lat' dir='ltr'>Non</span> <span class='ocrx_word' id='word_1_144' title='bbox 384 1900 557 1942; x_wconf 85' lang='lat' dir='ltr'>credam</span> <span class='ocrx_word' id='word_1_145' title='bbox 571 1905 612 1942; x_wconf 67' lang='grc'>1)»</span> <span class='ocrx_word' id='word_1_146' title='bbox 644 1901 748 1942; x_wconf 67' lang='lat' dir='ltr'>Viso</span> <span class='ocrx_word' id='word_1_147' title='bbox 778 1903 814 1942; x_wconf 90' lang='lat' dir='ltr'>si</span> <span class='ocrx_word' id='word_1_148' title='bbox 840 1903 991 1955; x_wconf 87' lang='lat' dir='ltr'>palles.</span> <span class='ocrx_word' id='word_1_149' title='bbox 1020 1903 1231 1956; x_wconf 89' lang='lat' dir='ltr'>improbe.</span> <span class='ocrx_word' id='word_1_150' title='bbox 1258 1916 1453 1947; x_wconf 75' lang='lat' dir='ltr'>nummo,</span> 
     </span>
     <span class='ocr_line' id='line_1_24' title="bbox 260 1973 1440 2032; baseline 0.005 -16"><span class='ocrx_word' id='word_1_151' title='bbox 260 1973 306 2017; x_wconf 84' lang='lat' dir='ltr'>Si</span> <span class='ocrx_word' id='word_1_152' title='bbox 332 1977 451 2020; x_wconf 86' lang='lat' dir='ltr'>facis.</span> <span class='ocrx_word' id='word_1_153' title='bbox 480 1978 528 2018; x_wconf 90' lang='lat' dir='ltr'>in</span> <span class='ocrx_word' id='word_1_154' title='bbox 549 1992 711 2031; x_wconf 89' lang='lat' dir='ltr'>penem</span> <span class='ocrx_word' id='word_1_155' title='bbox 737 1979 948 2032; x_wconf 87' lang='lat' dir='ltr'>quidquid</span> <span class='ocrx_word' id='word_1_156' title='bbox 974 1980 1055 2020; x_wconf 85' lang='lat' dir='ltr'>tibi</span> <span class='ocrx_word' id='word_1_157' title='bbox 1081 1981 1201 2021; x_wconf 79' lang='lat' dir='ltr'>venit</span> <span class='ocrx_word' id='word_1_158' title='bbox 1230 1993 1440 2022; x_wconf 85' lang='lat' dir='ltr'>amarum.</span> 
     </span>
     <span class='ocr_line' id='line_1_25' title="bbox 261 2051 1223 2109; baseline 0.005 -15"><span class='ocrx_word' id='word_1_159' title='bbox 261 2051 308 2094; x_wconf 79' lang='lat' dir='ltr'>Si</span> <span class='ocrx_word' id='word_1_160' title='bbox 330 2055 483 2107; x_wconf 87' lang='lat' dir='ltr'>puteal</span> <span class='ocrx_word' id='word_1_161' title='bbox 509 2056 648 2096; x_wconf 90' lang='lat' dir='ltr'>multa</span> <span class='ocrx_word' id='word_1_162' title='bbox 669 2060 823 2096; x_wconf 82' lang='lat' dir='ltr'>cautus</span> <span class='ocrx_word' id='word_1_163' title='bbox 849 2057 988 2097; x_wconf 83' lang='lat' dir='ltr'>vibice</span> <span class='ocrx_word' id='word_1_164' title='bbox 1014 2057 1223 2109; x_wconf 77' lang='lat' dir='ltr'>flagellas,</span> 
     </span>
     <span class='ocr_line' id='line_1_26' title="bbox 260 2129 1351 2186; baseline 0.005 -17"><span class='ocrx_word' id='word_1_165' title='bbox 260 2129 536 2183; x_wconf 89' lang='lat' dir='ltr'>Nequiquam</span> <span class='ocrx_word' id='word_1_166' title='bbox 560 2133 724 2186; x_wconf 89' lang='lat' dir='ltr'>populo</span> <span class='ocrx_word' id='word_1_167' title='bbox 752 2132 923 2173; x_wconf 88' lang='lat' dir='ltr'>bibulas</span> <span class='ocrx_word' id='word_1_168' title='bbox 951 2133 1183 2174; x_wconf 80' lang='lat' dir='ltr'>donaveris</span> <span class='ocrx_word' id='word_1_169' title='bbox 1211 2148 1351 2175; x_wconf 82' lang='lat' dir='ltr'>aures.</span> 
     </span>
     <span class='ocr_line' id='line_1_27' title="bbox 258 2204 1418 2260; baseline 0.004 -14"><span class='ocrx_word' id='word_1_170' title='bbox 258 2204 446 2259; x_wconf 87' lang='lat' dir='ltr'>Respue.</span> <span class='ocrx_word' id='word_1_171' title='bbox 476 2208 591 2260; x_wconf 86' lang='lat' dir='ltr'>quod</span> <span class='ocrx_word' id='word_1_172' title='bbox 617 2222 708 2249; x_wconf 89' lang='lat' dir='ltr'>non</span> <span class='ocrx_word' id='word_1_173' title='bbox 732 2222 788 2253; x_wconf 85' lang='grc'>05,</span> <span class='ocrx_word' id='word_1_174' title='bbox 818 2210 945 2250; x_wconf 83' lang='grc'><strong>101131</strong></span> <span class='ocrx_word' id='word_1_175' title='bbox 969 2224 1047 2250; x_wconf 84' lang='lat' dir='ltr'>sua</span> <span class='ocrx_word' id='word_1_176' title='bbox 1070 2224 1252 2251; x_wconf 85' lang='lat' dir='ltr'>munera</span> <span class='ocrx_word' id='word_1_177' title='bbox 1279 2211 1418 2251; x_wconf 78' lang='lat' dir='ltr'>cerdo.</span> 
     </span>
     <span class='ocr_line' id='line_1_28' title="bbox 261 2282 1512 2341; baseline 0.004 -19"><span class='ocrx_word' id='word_1_178' title='bbox 261 2282 421 2323; x_wconf 81' lang='lat' dir='ltr'>Tecum</span> <span class='ocrx_word' id='word_1_179' title='bbox 444 2283 619 2325; x_wconf 82' lang='lat' dir='ltr'>habit-a:</span> <span class='ocrx_word' id='word_1_180' title='bbox 648 2287 780 2329; x_wconf 79' lang='grc'><strong>110115,</strong></span> <span class='ocrx_word' id='word_1_181' title='bbox 812 2299 944 2338; x_wconf 85' lang='lat' dir='ltr'>quam</span> <span class='ocrx_word' id='word_1_182' title='bbox 973 2288 1027 2327; x_wconf 90' lang='lat' dir='ltr'>sit</span> <span class='ocrx_word' id='word_1_183' title='bbox 1054 2288 1133 2327; x_wconf 87' lang='lat' dir='ltr'>tibi</span> <span class='ocrx_word' id='word_1_184' title='bbox 1161 2292 1280 2328; x_wconf 79' lang='lat' dir='ltr'>curta</span> <span class='ocrx_word' id='word_1_185' title='bbox 1306 2288 1512 2341; x_wconf 75' lang='lat' dir='ltr'>supellex.</span> 
     </span>
    </p>
   </div>
   <div class='ocr_carea' id='block_1_3' title="bbox 272 2767 906 2800">
    <p class='ocr_par' dir='ltr' id='par_1_3' title="bbox 272 2767 906 2800">
     <span class='ocr_line' id='line_1_29' title="bbox 272 2767 906 2800; baseline 0.002 -6"><span class='ocrx_word' id='word_1_186' title='bbox 272 2767 449 2800; x_wconf 72' lang='lat' dir='ltr'>Ne&#39;memy:</span> <span class='ocrx_word' id='word_1_187' title='bbox 468 2769 500 2794; x_wconf 76' lang='grc' dir='ltr'>Α.</span> <span class='ocrx_word' id='word_1_188' title='bbox 525 2769 625 2794; x_wconf 71' lang='lat' dir='ltr'>Persii</span> <span class='ocrx_word' id='word_1_189' title='bbox 648 2770 753 2796; x_wconf 75' lang='lat' dir='ltr'>Flacci</span> <span class='ocrx_word' id='word_1_190' title='bbox 774 2770 906 2795; x_wconf 69' lang='lat' dir='ltr'>saw-‹1²-</span> 
     </span>
    </p>
   </div>
   <div class='ocr_carea' id='block_1_4' title="bbox 1653 159 1696 192">
    <p class='ocr_par' dir='ltr' id='par_1_4' title="bbox 1653 159 1696 192">
     <span class='ocr_line' id='line_1_30' title="bbox 1653 159 1696 192; baseline 0.023 -1"><span class='ocrx_word' id='word_1_191' title='bbox 1653 159 1696 192; x_wconf 84' lang='lat'>33</span> 
     </span>
    </p>
   </div>
   <div class='ocr_carea' id='block_1_5' title="bbox 1718 617 1753 638">
    <p class='ocr_par' dir='ltr' id='par_1_5' title="bbox 1718 617 1753 638">
     <span class='ocr_line' id='line_1_31' title="bbox 1718 617 1753 638; baseline -0.029 -2"><span class='ocrx_word' id='word_1_192' title='bbox 1718 617 1753 638; x_wconf 65' lang='grc'>311</span> 
     </span>
    </p>
   </div>
   <div class='ocr_carea' id='block_1_6' title="bbox 1714 1383 1748 1406">
    <p class='ocr_par' dir='ltr' id='par_1_6' title="bbox 1714 1383 1748 1406">
     <span class='ocr_line' id='line_1_32' title="bbox 1714 1383 1748 1406; baseline -0.029 0"><span class='ocrx_word' id='word_1_193' title='bbox 1714 1383 1748 1406; x_wconf 78' lang='lat'>40</span> 
     </span>
    </p>
   </div>
   <div class='ocr_carea' id='block_1_7' title="bbox 1711 1767 1745 1790">
    <p class='ocr_par' dir='ltr' id='par_1_7' title="bbox 1711 1767 1745 1790">
     <span class='ocr_line' id='line_1_33' title="bbox 1711 1767 1745 1790; baseline 0 0"><span class='ocrx_word' id='word_1_194' title='bbox 1711 1767 1745 1790; x_wconf 71' lang='lat'>45</span> 
     </span>
    </p>
   </div>
  </div>
 </body>
</html>
