<?xml version="1.0" encoding="UTF-8"?>
<!DOCTYPE html PUBLIC "-//W3C//DTD XHTML 1.0 Transitional//EN"
    "http://www.w3.org/TR/xhtml1/DTD/xhtml1-transitional.dtd">
<html xmlns="http://www.w3.org/1999/xhtml" xml:lang="en" lang="en">
 <head>
  <title>
</title>
<meta http-equiv="Content-Type" content="text/html;charset=utf-8" />
  <meta name='ocr-system' content='tesseract 3.04.00' />
  <meta name='ocr-capabilities' content='ocr_page ocr_carea ocr_par ocr_line ocrx_word'/>
</head>
<body>
  <div class='ocr_page' id='page_1' title='image "./satiraeediditadn00persuoft_0183.png"; bbox 0 0 1975 3119; ppageno 0'>
   <div class='ocr_carea' id='block_1_1' title="bbox 705 159 1658 197">
    <p class='ocr_par' dir='ltr' id='par_1_1' title="bbox 705 159 1658 197">
     <span class='ocr_line' id='line_1_1' title="bbox 705 159 1658 197; baseline -0.001 -5"><span class='ocrx_word' id='word_1_1' title='bbox 705 165 849 197; x_wconf 72' lang='lat' dir='ltr'><strong>SATIRA</strong></span> <span class='ocrx_word' id='word_1_2' title='bbox 871 167 935 196; x_wconf 80' lang='lat' dir='ltr'>HJ.</span> <span class='ocrx_word' id='word_1_3' title='bbox 961 166 1123 196; x_wconf 64' lang='lat'>52—55.</span> <span class='ocrx_word' id='word_1_4' title='bbox 1594 159 1658 191; x_wconf 64' lang='lat'>17⁸³</span> 
     </span>
    </p>
   </div>
   <div class='ocr_carea' id='block_1_2' title="bbox 154 278 1656 2711">
    <p class='ocr_par' dir='ltr' id='par_1_2' title="bbox 154 278 1656 2711">
     <span class='ocr_line' id='line_1_2' title="bbox 169 278 1655 343; baseline 0.007 -23"><span class='ocrx_word' id='word_1_5' title='bbox 169 283 219 320; x_wconf 88' lang='lat' dir='ltr'>ut</span> <span class='ocrx_word' id='word_1_6' title='bbox 243 278 350 320; x_wconf 87' lang='lat' dir='ltr'>Hor.</span> <span class='ocrx_word' id='word_1_7' title='bbox 379 279 457 332; x_wconf 88' lang='lat' dir='ltr'>Ep.</span> <span class='ocrx_word' id='word_1_8' title='bbox 486 280 518 320; x_wconf 92' lang='lat' dir='ltr'>I.</span> <span class='ocrx_word' id='word_1_9' title='bbox 552 281 586 323; x_wconf 85' lang='lat'>1.</span> <span class='ocrx_word' id='word_1_10' title='bbox 622 282 727 322; x_wconf 70' lang='lat'>123:</span> <span class='ocrx_word' id='word_1_11' title='bbox 774 283 915 322; x_wconf 73' lang='lat' dir='ltr'>«vivat</span> <span class='ocrx_word' id='word_1_12' title='bbox 942 283 1155 336; x_wconf 80' lang='lat' dir='ltr'>siliquis.»</span> <span class='ocrx_word' id='word_1_13' title='bbox 1188 309 1246 313; x_wconf 80' lang='lat'>—</span> <span class='ocrx_word' id='word_1_14' title='bbox 1270 285 1469 340; x_wconf 59' lang='lat' dir='ltr'>mandi.</span> <span class='ocrx_word' id='word_1_15' title='bbox 1500 323 1506 329; x_wconf 91' lang='lat'>.</span> <span class='ocrx_word' id='word_1_16' title='bbox 1534 301 1655 343; x_wconf 74' lang='lat' dir='ltr'>‚po-</span> 
     </span>
     <span class='ocr_line' id='line_1_3' title="bbox 171 355 1653 417; baseline 0.007 -21"><span class='ocrx_word' id='word_1_17' title='bbox 171 355 308 409; x_wconf 76' lang='lat' dir='ltr'>lenta,</span> <span class='ocrx_word' id='word_1_18' title='bbox 333 355 385 396; x_wconf 91' lang='lat' dir='ltr'>de</span> <span class='ocrx_word' id='word_1_19' title='bbox 414 356 604 409; x_wconf 76' lang='lat' dir='ltr'>simplici</span> <span class='ocrx_word' id='word_1_20' title='bbox 630 358 760 400; x_wconf 69' lang='lat' dir='ltr'>victu.</span> <span class='ocrx_word' id='word_1_21' title='bbox 790 361 838 398; x_wconf 92' lang='lat' dir='ltr'>ut</span> <span class='ocrx_word' id='word_1_22' title='bbox 863 359 1038 399; x_wconf 85' lang='lat' dir='ltr'>Attalus</span> <span class='ocrx_word' id='word_1_23' title='bbox 1063 360 1179 413; x_wconf 86' lang='lat' dir='ltr'>apud</span> <span class='ocrx_word' id='word_1_24' title='bbox 1198 360 1411 403; x_wconf 79' lang='lat' dir='ltr'>Senecam</span> <span class='ocrx_word' id='word_1_25' title='bbox 1438 364 1531 417; x_wconf 68' lang='lat' dir='ltr'>(Ep.</span> <span class='ocrx_word' id='word_1_26' title='bbox 1561 365 1653 406; x_wconf 78' lang='lat'>110.</span> 
     </span>
     <span class='ocr_line' id='line_1_4' title="bbox 173 430 1655 496; baseline 0.008 -25"><span class='ocrx_word' id='word_1_27' title='bbox 173 431 255 481; x_wconf 87' lang='grc'><strong>18.)</strong></span> <span class='ocrx_word' id='word_1_28' title='bbox 280 430 410 473; x_wconf 85' lang='lat' dir='ltr'>dicit:</span> <span class='ocrx_word' id='word_1_29' title='bbox 450 432 701 474; x_wconf 77' lang='lat' dir='ltr'>«Habemus</span> <span class='ocrx_word' id='word_1_30' title='bbox 730 448 901 486; x_wconf 87' lang='lat' dir='ltr'>aquam.</span> <span class='ocrx_word' id='word_1_31' title='bbox 928 435 1142 477; x_wconf 88' lang='lat' dir='ltr'>habemus</span> <span class='ocrx_word' id='word_1_32' title='bbox 1169 439 1422 490; x_wconf 88' lang='lat' dir='ltr'>polentam:</span> <span class='ocrx_word' id='word_1_33' title='bbox 1449 441 1543 482; x_wconf 75' lang='lat' dir='ltr'>Iovi</span> <span class='ocrx_word' id='word_1_34' title='bbox 1570 443 1655 496; x_wconf 87' lang='lat' dir='ltr'>ipsi</span> 
     </span>
     <span class='ocr_line' id='line_1_5' title="bbox 167 509 1655 559; baseline 0.009 -12"><span class='ocrx_word' id='word_1_35' title='bbox 167 509 512 549; x_wconf 80' lang='lat' dir='ltr'>controversiam</span> <span class='ocrx_word' id='word_1_36' title='bbox 551 510 603 550; x_wconf 90' lang='lat' dir='ltr'>de</span> <span class='ocrx_word' id='word_1_37' title='bbox 643 511 853 552; x_wconf 74' lang='lat' dir='ltr'>felicitate</span> <span class='ocrx_word' id='word_1_38' title='bbox 881 513 1137 554; x_wconf 77' lang='lat' dir='ltr'>faciamus».</span> <span class='ocrx_word' id='word_1_39' title='bbox 1177 513 1362 557; x_wconf 72' lang='lat' dir='ltr'>Polenla</span> <span class='ocrx_word' id='word_1_40' title='bbox 1409 531 1458 557; x_wconf 78' lang='lat' dir='ltr'>ex</span> <span class='ocrx_word' id='word_1_41' title='bbox 1490 519 1655 559; x_wconf 89' lang='lat' dir='ltr'>hordeo</span> 
     </span>
     <span class='ocr_line' id='line_1_6' title="bbox 167 585 1656 644; baseline 0.008 -20"><span class='ocrx_word' id='word_1_42' title='bbox 167 585 307 634; x_wconf 79' lang='lat' dir='ltr'>faota;</span> <span class='ocrx_word' id='word_1_43' title='bbox 336 586 387 626; x_wconf 82' lang='lat' dir='ltr'>cf.</span> <span class='ocrx_word' id='word_1_44' title='bbox 417 586 528 626; x_wconf 85' lang='lat' dir='ltr'>Plin.</span> <span class='ocrx_word' id='word_1_45' title='bbox 571 587 618 628; x_wconf 72' lang='lat' dir='ltr'>N.</span> <span class='ocrx_word' id='word_1_46' title='bbox 656 587 711 628; x_wconf 91' lang='lat' dir='ltr'>H.</span> <span class='ocrx_word' id='word_1_47' title='bbox 749 588 905 629; x_wconf 62' lang='lat' dir='ltr'>XVIII.</span> <span class='ocrx_word' id='word_1_48' title='bbox 936 589 1019 630; x_wconf 66' lang='lat'>72:</span> <span class='ocrx_word' id='word_1_49' title='bbox 1054 590 1448 644; x_wconf 68' lang='lat' dir='ltr'>«Antiquissimum</span> <span class='ocrx_word' id='word_1_50' title='bbox 1473 595 1521 634; x_wconf 93' lang='lat' dir='ltr'>in</span> <span class='ocrx_word' id='word_1_51' title='bbox 1548 595 1656 636; x_wconf 80' lang='lat' dir='ltr'>cibis</span> 
     </span>
     <span class='ocr_line' id='line_1_7' title="bbox 166 661 1655 723; baseline 0.007 -22"><span class='ocrx_word' id='word_1_52' title='bbox 166 661 381 702; x_wconf 82' lang='lat' dir='ltr'>hordeum</span> <span class='ocrx_word' id='word_1_53' title='bbox 404 696 413 703; x_wconf 93' lang='lat'>.</span> <span class='ocrx_word' id='word_1_54' title='bbox 439 696 447 703; x_wconf 95' lang='lat'>.</span> <span class='ocrx_word' id='word_1_55' title='bbox 473 696 482 704; x_wconf 93' lang='lat'>.</span> <span class='ocrx_word' id='word_1_56' title='bbox 513 664 744 705; x_wconf 90' lang='lat' dir='ltr'>Polentam</span> <span class='ocrx_word' id='word_1_57' title='bbox 778 678 950 718; x_wconf 89' lang='lat' dir='ltr'>quoque</span> <span class='ocrx_word' id='word_1_58' title='bbox 991 665 1128 707; x_wconf 80' lang='lat' dir='ltr'>Graeoi</span> <span class='ocrx_word' id='word_1_59' title='bbox 1166 681 1257 708; x_wconf 92' lang='lat' dir='ltr'>non</span> <span class='ocrx_word' id='word_1_60' title='bbox 1298 669 1475 710; x_wconf 84' lang='lat' dir='ltr'>aliunde</span> <span class='ocrx_word' id='word_1_61' title='bbox 1502 672 1655 723; x_wconf 81' lang='lat' dir='ltr'>praefe-</span> 
     </span>
     <span class='ocr_line' id='line_1_8' title="bbox 166 738 1655 799; baseline 0.007 -22"><span class='ocrx_word' id='word_1_62' title='bbox 166 741 282 778; x_wconf 87' lang='lat' dir='ltr'>runt.</span> <span class='ocrx_word' id='word_1_63' title='bbox 312 738 517 780; x_wconf 82' lang='lat' dir='ltr'>Pluribus</span> <span class='ocrx_word' id='word_1_64' title='bbox 556 742 604 780; x_wconf 80' lang='lat' dir='ltr'>iit</span> <span class='ocrx_word' id='word_1_65' title='bbox 644 742 733 781; x_wconf 71' lang='lat' dir='ltr'>haec·</span> <span class='ocrx_word' id='word_1_66' title='bbox 772 741 929 782; x_wconf 89' lang='lat' dir='ltr'>modis.</span> <span class='ocrx_word' id='word_1_67' title='bbox 976 740 1122 784; x_wconf 67' lang='lat' dir='ltr'>Graeci</span> <span class='ocrx_word' id='word_1_68' title='bbox 1159 744 1387 796; x_wconf 86' lang='lat' dir='ltr'>perfusum</span> <span class='ocrx_word' id='word_1_69' title='bbox 1415 759 1527 799; x_wconf 89' lang='lat' dir='ltr'>aqua</span> <span class='ocrx_word' id='word_1_70' title='bbox 1555 749 1655 789; x_wconf 86' lang='lat' dir='ltr'>hor-</span> 
     </span>
     <span class='ocr_line' id='line_1_9' title="bbox 165 813 1654 873; baseline 0.009 -20"><span class='ocrx_word' id='word_1_71' title='bbox 165 813 297 854; x_wconf 84' lang='lat' dir='ltr'>deum</span> <span class='ocrx_word' id='word_1_72' title='bbox 325 815 490 856; x_wconf 78' lang='lat' dir='ltr'>sicoant</span> <span class='ocrx_word' id='word_1_73' title='bbox 516 821 645 857; x_wconf 78' lang='lat' dir='ltr'>nocte</span> <span class='ocrx_word' id='word_1_74' title='bbox 684 832 773 858; x_wconf 86' lang='lat' dir='ltr'>una</span> <span class='ocrx_word' id='word_1_75' title='bbox 808 831 857 858; x_wconf 79' lang='lat' dir='ltr'>ao</span> <span class='ocrx_word' id='word_1_76' title='bbox 883 821 1060 870; x_wconf 88' lang='lat' dir='ltr'>postero</span> <span class='ocrx_word' id='word_1_77' title='bbox 1089 819 1158 860; x_wconf 86' lang='lat' dir='ltr'>die</span> <span class='ocrx_word' id='word_1_78' title='bbox 1185 821 1363 873; x_wconf 84' lang='lat' dir='ltr'>frigunt.</span> <span class='ocrx_word' id='word_1_79' title='bbox 1394 822 1495 863; x_wconf 88' lang='lat' dir='ltr'>dein</span> <span class='ocrx_word' id='word_1_80' title='bbox 1523 825 1654 866; x_wconf 87' lang='lat' dir='ltr'>molis</span> 
     </span>
     <span class='ocr_line' id='line_1_10' title="bbox 164 891 1652 956; baseline 0.007 -25"><span class='ocrx_word' id='word_1_81' title='bbox 164 891 375 943; x_wconf 83' lang='lat' dir='ltr'>frangunt</span> <span class='ocrx_word' id='word_1_82' title='bbox 397 924 405 932; x_wconf 92' lang='lat'>.</span> <span class='ocrx_word' id='word_1_83' title='bbox 431 925 440 932; x_wconf 90' lang='lat'>.</span> <span class='ocrx_word' id='word_1_84' title='bbox 466 925 475 932; x_wconf 92' lang='lat'>.</span> <span class='ocrx_word' id='word_1_85' title='bbox 504 891 641 934; x_wconf 70' lang='lat' dir='ltr'>ltalia</span> <span class='ocrx_word' id='word_1_86' title='bbox 671 894 766 933; x_wconf 88' lang='lat' dir='ltr'>sine</span> <span class='ocrx_word' id='word_1_87' title='bbox 793 895 1048 946; x_wconf 86' lang='lat' dir='ltr'>perfusione</span> <span class='ocrx_word' id='word_1_88' title='bbox 1075 900 1242 938; x_wconf 89' lang='lat' dir='ltr'>tostum</span> <span class='ocrx_word' id='word_1_89' title='bbox 1267 899 1314 938; x_wconf 91' lang='grc'>111</span> <span class='ocrx_word' id='word_1_90' title='bbox 1340 898 1544 941; x_wconf 67' lang='lat' dir='ltr'>sumilem</span> <span class='ocrx_word' id='word_1_91' title='bbox 1575 902 1652 956; x_wconf 76' lang='lat' dir='ltr'>fa-</span> 
     </span>
     <span class='ocr_line' id='line_1_11' title="bbox 164 967 1651 1025; baseline 0.008 -17"><span class='ocrx_word' id='word_1_92' title='bbox 164 968 319 1009; x_wconf 74' lang='lat' dir='ltr'>rinam</span> <span class='ocrx_word' id='word_1_93' title='bbox 344 969 513 1010; x_wconf 85' lang='lat' dir='ltr'>molit».</span> <span class='ocrx_word' id='word_1_94' title='bbox 551 967 753 1011; x_wconf 71' lang='lat' dir='ltr'>Grandis·</span> <span class='ocrx_word' id='word_1_95' title='bbox 789 974 854 1011; x_wconf 86' lang='lat' dir='ltr'>est</span> <span class='ocrx_word' id='word_1_96' title='bbox 879 971 1016 1024; x_wconf 85' lang='lat' dir='ltr'>igitur</span> <span class='ocrx_word' id='word_1_97' title='bbox 1041 973 1223 1025; x_wconf 90' lang='lat' dir='ltr'>polenta</span> <span class='ocrx_word' id='word_1_98' title='bbox 1250 974 1502 1017; x_wconf 61' lang='lat' dir='ltr'>Grrzecorum</span> <span class='ocrx_word' id='word_1_99' title='bbox 1530 993 1651 1020; x_wconf 90' lang='lat' dir='ltr'>more</span> 
     </span>
     <span class='ocr_line' id='line_1_12' title="bbox 163 1045 1653 1098; baseline 0.008 -14"><span class='ocrx_word' id='word_1_100' title='bbox 163 1045 374 1089; x_wconf 73' lang='lat' dir='ltr'>confecta.</span> <span class='ocrx_word' id='word_1_101' title='bbox 417 1047 530 1098; x_wconf 79' lang='lat' dir='ltr'>quia.</span> <span class='ocrx_word' id='word_1_102' title='bbox 560 1051 609 1086; x_wconf 90' lang='lat' dir='ltr'>ut</span> <span class='ocrx_word' id='word_1_103' title='bbox 651 1047 821 1088; x_wconf 81' lang='lat' dir='ltr'>Plinius</span> <span class='ocrx_word' id='word_1_104' title='bbox 861 1048 998 1089; x_wconf 85' lang='lat' dir='ltr'>docet.</span> <span class='ocrx_word' id='word_1_105' title='bbox 1032 1049 1246 1091; x_wconf 84' lang='lat' dir='ltr'>hordeum</span> <span class='ocrx_word' id='word_1_106' title='bbox 1274 1065 1366 1091; x_wconf 90' lang='lat' dir='ltr'>non</span> <span class='ocrx_word' id='word_1_107' title='bbox 1392 1054 1569 1096; x_wconf 68' lang='lat' dir='ltr'>molunt</span> <span class='ocrx_word' id='word_1_108' title='bbox 1605 1057 1653 1096; x_wconf 90' lang='lat' dir='ltr'>in</span> 
     </span>
     <span class='ocr_line' id='line_1_13' title="bbox 163 1122 1651 1184; baseline 0.007 -22"><span class='ocrx_word' id='word_1_109' title='bbox 163 1122 371 1163; x_wconf 85' lang='lat' dir='ltr'>subtilem</span> <span class='ocrx_word' id='word_1_110' title='bbox 398 1124 600 1167; x_wconf 82' lang='lat' dir='ltr'>farinam.</span> <span class='ocrx_word' id='word_1_111' title='bbox 625 1128 674 1164; x_wconf 93' lang='lat' dir='ltr'>ut</span> <span class='ocrx_word' id='word_1_112' title='bbox 700 1124 813 1167; x_wconf 75' lang='lat' dir='ltr'>itali.</span> <span class='ocrx_word' id='word_1_113' title='bbox 842 1125 916 1165; x_wconf 88' lang='lat' dir='ltr'>sed</span> <span class='ocrx_word' id='word_1_114' title='bbox 940 1126 1247 1178; x_wconf 82' lang='lat' dir='ltr'>neglegentius</span> <span class='ocrx_word' id='word_1_115' title='bbox 1270 1127 1509 1184; x_wconf 39' lang='grc' dir='ltr'>Ῐναηιᾳῑιῃΐ,</span> <span class='ocrx_word' id='word_1_116' title='bbox 1534 1132 1651 1173; x_wconf 87' lang='lat' dir='ltr'>unde</span> 
     </span>
     <span class='ocr_line' id='line_1_14' title="bbox 161 1200 1650 1253; baseline 0.007 -15"><span class='ocrx_word' id='word_1_117' title='bbox 161 1200 332 1239; x_wconf 81' lang='lat' dir='ltr'>maiora</span> <span class='ocrx_word' id='word_1_118' title='bbox 356 1200 404 1239; x_wconf 91' lang='lat' dir='ltr'>in</span> <span class='ocrx_word' id='word_1_119' title='bbox 443 1201 624 1252; x_wconf 89' lang='lat' dir='ltr'>polenta</span> <span class='ocrx_word' id='word_1_120' title='bbox 663 1215 902 1253; x_wconf 81' lang='lat' dir='ltr'>granorum</span> <span class='ocrx_word' id='word_1_121' title='bbox 940 1203 1130 1243; x_wconf 77' lang='lat' dir='ltr'>frustula</span> <span class='ocrx_word' id='word_1_122' title='bbox 1171 1210 1433 1246; x_wconf 82' lang='lat' dir='ltr'>remaneant</span> <span class='ocrx_word' id='word_1_123' title='bbox 1470 1221 1650 1249; x_wconf 77' lang='lat' dir='ltr'>necesse</span> 
     </span>
     <span class='ocr_line' id='line_1_15' title="bbox 161 1275 1650 1336; baseline 0.007 -21"><span class='ocrx_word' id='word_1_124' title='bbox 161 1278 239 1316; x_wconf 87' lang='lat' dir='ltr'>est.</span> <span class='ocrx_word' id='word_1_125' title='bbox 266 1275 485 1330; x_wconf 81' lang='lat' dir='ltr'>Disoipuli</span> <span class='ocrx_word' id='word_1_126' title='bbox 524 1282 672 1318; x_wconf 91' lang='lat' dir='ltr'>autem</span> <span class='ocrx_word' id='word_1_127' title='bbox 713 1277 960 1319; x_wconf 75' lang='lat' dir='ltr'>Stoicorum</span> <span class='ocrx_word' id='word_1_128' title='bbox 996 1284 1236 1320; x_wconf 74' lang='lat' dir='ltr'>Vescuntur</span> <span class='ocrx_word' id='word_1_129' title='bbox 1273 1282 1427 1322; x_wconf 79' lang='lat' dir='ltr'>viliore</span> <span class='ocrx_word' id='word_1_130' title='bbox 1460 1285 1650 1336; x_wconf 81' lang='lat' dir='ltr'>polentae</span> 
     </span>
     <span class='ocr_line' id='line_1_16' title="bbox 160 1351 1647 1415; baseline 0.008 -24"><span class='ocrx_word' id='word_1_131' title='bbox 160 1365 333 1404; x_wconf 85' lang='lat' dir='ltr'>genere.</span> <span class='ocrx_word' id='word_1_132' title='bbox 370 1351 572 1394; x_wconf 56' lang='lat' dir='ltr'>Grandis</span> <span class='ocrx_word' id='word_1_133' title='bbox 608 1353 791 1408; x_wconf 71' lang='lat' dir='ltr'>polenta</span> <span class='ocrx_word' id='word_1_134' title='bbox 831 1355 994 1408; x_wconf 82' lang='lat' dir='ltr'>legitur</span> <span class='ocrx_word' id='word_1_135' title='bbox 1021 1357 1153 1397; x_wconf 87' lang='lat' dir='ltr'>etiam</span> <span class='ocrx_word' id='word_1_136' title='bbox 1194 1358 1309 1410; x_wconf 88' lang='lat' dir='ltr'>apud</span> <span class='ocrx_word' id='word_1_137' title='bbox 1343 1358 1433 1401; x_wconf 83' lang='lat' dir='ltr'>Cat.</span> <span class='ocrx_word' id='word_1_138' title='bbox 1468 1361 1532 1401; x_wconf 86' lang='lat' dir='ltr'>De</span> <span class='ocrx_word' id='word_1_139' title='bbox 1561 1375 1647 1415; x_wconf 80' lang='lat' dir='ltr'>agr.</span> 
     </span>
     <span class='ocr_line' id='line_1_17' title="bbox 165 1431 1647 1492; baseline 0.006 -21"><span class='ocrx_word' id='word_1_140' title='bbox 165 1431 272 1472; x_wconf 70' lang='lat'>108:</span> <span class='ocrx_word' id='word_1_141' title='bbox 306 1431 492 1472; x_wconf 85' lang='lat' dir='ltr'>«Vinum</span> <span class='ocrx_word' id='word_1_142' title='bbox 517 1434 552 1473; x_wconf 86' lang='lat' dir='ltr'>si</span> <span class='ocrx_word' id='word_1_143' title='bbox 573 1434 695 1473; x_wconf 72' lang='lat' dir='ltr'>voles</span> <span class='ocrx_word' id='word_1_144' title='bbox 725 1434 910 1486; x_wconf 68' lang='lat' dir='ltr'>experiri</span> <span class='ocrx_word' id='word_1_145' title='bbox 938 1434 1198 1474; x_wconf 84' lang='lat' dir='ltr'>duraturum</span> <span class='ocrx_word' id='word_1_146' title='bbox 1227 1436 1282 1475; x_wconf 83' lang='lat' dir='ltr'>sit</span> <span class='ocrx_word' id='word_1_147' title='bbox 1308 1449 1459 1480; x_wconf 79' lang='lat' dir='ltr'>necne.</span> <span class='ocrx_word' id='word_1_148' title='bbox 1484 1438 1647 1492; x_wconf 68' lang='lat' dir='ltr'>polen-</span> 
     </span>
     <span class='ocr_line' id='line_1_18' title="bbox 160 1507 1649 1563; baseline 0.005 -15"><span class='ocrx_word' id='word_1_149' title='bbox 160 1509 255 1548; x_wconf 74' lang='lat' dir='ltr'>tam</span> <span class='ocrx_word' id='word_1_150' title='bbox 280 1507 501 1563; x_wconf 66' lang='lat' dir='ltr'>qramlem</span> <span class='ocrx_word' id='word_1_151' title='bbox 536 1509 770 1550; x_wconf 88' lang='lat' dir='ltr'>dimidium</span> <span class='ocrx_word' id='word_1_152' title='bbox 809 1510 1027 1550; x_wconf 76' lang='lat' dir='ltr'>acetabuli</span> <span class='ocrx_word' id='word_1_153' title='bbox 1054 1512 1100 1551; x_wconf 94' lang='lat' dir='ltr'>in</span> <span class='ocrx_word' id='word_1_154' title='bbox 1128 1512 1363 1553; x_wconf 69' lang='lat' dir='ltr'>caliculum</span> <span class='ocrx_word' id='word_1_155' title='bbox 1390 1528 1556 1555; x_wconf 69' lang='lat' dir='ltr'>novum</span> <span class='ocrx_word' id='word_1_156' title='bbox 1582 1517 1649 1556; x_wconf 85' lang='lat' dir='ltr'>in-</span> 
     </span>
     <span class='ocr_line' id='line_1_19' title="bbox 159 1583 1648 1642; baseline 0.006 -18"><span class='ocrx_word' id='word_1_157' title='bbox 159 1583 293 1633; x_wconf 74' lang='lat' dir='ltr'>dito»,</span> <span class='ocrx_word' id='word_1_158' title='bbox 322 1585 397 1625; x_wconf 91' lang='lat' dir='ltr'>ubi</span> <span class='ocrx_word' id='word_1_159' title='bbox 423 1586 523 1626; x_wconf 82' lang='lat' dir='ltr'>Keil</span> <span class='ocrx_word' id='word_1_160' title='bbox 546 1587 790 1627; x_wconf 74' lang='lat' dir='ltr'>rectissime</span> <span class='ocrx_word' id='word_1_161' title='bbox 814 1587 1021 1628; x_wconf 88' lang='lat' dir='ltr'>adnotat:</span> <span class='ocrx_word' id='word_1_162' title='bbox 1055 1587 1269 1628; x_wconf 82' lang='lat' dir='ltr'>«Grandis</span> <span class='ocrx_word' id='word_1_163' title='bbox 1296 1590 1477 1642; x_wconf 83' lang='lat' dir='ltr'>polenta</span> <span class='ocrx_word' id='word_1_164' title='bbox 1501 1595 1648 1633; x_wconf 90' lang='lat' dir='ltr'>autem</span> 
     </span>
     <span class='ocr_line' id='line_1_20' title="bbox 159 1660 1646 1719; baseline 0.007 -19"><span class='ocrx_word' id='word_1_165' title='bbox 159 1660 330 1705; x_wconf 79' lang='lat' dir='ltr'>dieitur.</span> <span class='ocrx_word' id='word_1_166' title='bbox 351 1675 445 1715; x_wconf 73' lang='lat' dir='ltr'>quae</span> <span class='ocrx_word' id='word_1_167' title='bbox 474 1675 524 1702; x_wconf 70' lang='lat' dir='ltr'>ex</span> <span class='ocrx_word' id='word_1_168' title='bbox 549 1662 796 1719; x_wconf 67' lang='lat' dir='ltr'>gsmmlz&#39;ore</span> <span class='ocrx_word' id='word_1_169' title='bbox 822 1663 979 1718; x_wconf 71' lang='lat' dir='ltr'>farina</span> <span class='ocrx_word' id='word_1_170' title='bbox 997 1665 1111 1705; x_wconf 80' lang='lat' dir='ltr'>facta</span> <span class='ocrx_word' id='word_1_171' title='bbox 1139 1668 1244 1706; x_wconf 76' lang='lat' dir='ltr'>est».</span> <span class='ocrx_word' id='word_1_172' title='bbox 1274 1664 1646 1710; x_wconf 70' lang='lat' dir='ltr'>Grandissimmm</span> 
     </span>
     <span class='ocr_line' id='line_1_21' title="bbox 160 1737 1649 1793; baseline 0.007 -15"><span class='ocrx_word' id='word_1_173' title='bbox 160 1737 315 1778; x_wconf 89' lang='lat' dir='ltr'>eodem</span> <span class='ocrx_word' id='word_1_174' title='bbox 342 1752 473 1779; x_wconf 87' lang='lat' dir='ltr'>sensu</span> <span class='ocrx_word' id='word_1_175' title='bbox 503 1740 690 1780; x_wconf 76' lang='lat' dir='ltr'>occurrit</span> <span class='ocrx_word' id='word_1_176' title='bbox 718 1740 834 1793; x_wconf 85' lang='lat' dir='ltr'>apud</span> <span class='ocrx_word' id='word_1_177' title='bbox 862 1740 972 1780; x_wconf 90' lang='lat' dir='ltr'>Plin.</span> <span class='ocrx_word' id='word_1_178' title='bbox 1002 1741 1050 1782; x_wconf 84' lang='lat' dir='ltr'>N.</span> <span class='ocrx_word' id='word_1_179' title='bbox 1079 1741 1133 1782; x_wconf 91' lang='lat' dir='ltr'>H.</span> <span class='ocrx_word' id='word_1_180' title='bbox 1175 1742 1329 1783; x_wconf 63' lang='lat' dir='ltr'>XVIII.</span> <span class='ocrx_word' id='word_1_181' title='bbox 1364 1744 1468 1786; x_wconf 68' lang='lat'>11⁵2:</span> <span class='ocrx_word' id='word_1_182' title='bbox 1503 1747 1649 1787; x_wconf 78' lang='lat' dir='ltr'>«Alica</span> 
     </span>
     <span class='ocr_line' id='line_1_22' title="bbox 156 1815 1647 1873; baseline 0.005 -18"><span class='ocrx_word' id='word_1_183' title='bbox 156 1815 205 1854; x_wconf 74' lang='lat' dir='ltr'>fit</span> <span class='ocrx_word' id='word_1_184' title='bbox 233 1827 254 1854; x_wconf 87' lang='lat' dir='ltr'>e</span> <span class='ocrx_word' id='word_1_185' title='bbox 280 1828 369 1861; x_wconf 78' lang='lat' dir='ltr'>zea,</span> <span class='ocrx_word' id='word_1_186' title='bbox 400 1830 532 1869; x_wconf 87' lang='lat' dir='ltr'>quam</span> <span class='ocrx_word' id='word_1_187' title='bbox 561 1831 711 1857; x_wconf 87' lang='lat' dir='ltr'>semen</span> <span class='ocrx_word' id='word_1_188' title='bbox 741 1818 1074 1870; x_wconf 70' lang='lat' dir='ltr'>appellavimus.</span> <span class='ocrx_word' id='word_1_189' title='bbox 1105 1819 1322 1860; x_wconf 83' lang='lat' dir='ltr'>Tunditur</span> <span class='ocrx_word' id='word_1_190' title='bbox 1347 1834 1533 1873; x_wconf 84' lang='lat' dir='ltr'>granum</span> <span class='ocrx_word' id='word_1_191' title='bbox 1554 1824 1647 1864; x_wconf 87' lang='lat' dir='ltr'>eius</span> 
     </span>
     <span class='ocr_line' id='line_1_23' title="bbox 157 1893 1645 1946; baseline 0.005 -14"><span class='ocrx_word' id='word_1_192' title='bbox 157 1893 205 1932; x_wconf 92' lang='lat' dir='ltr'>in</span> <span class='ocrx_word' id='word_1_193' title='bbox 230 1893 322 1945; x_wconf 88' lang='lat' dir='ltr'>pila</span> <span class='ocrx_word' id='word_1_194' title='bbox 346 1893 505 1946; x_wconf 84' lang='lat' dir='ltr'>lignea.</span> <span class='ocrx_word' id='word_1_195' title='bbox 535 1908 591 1933; x_wconf 88' lang='lat' dir='ltr'>ne</span> <span class='ocrx_word' id='word_1_196' title='bbox 613 1893 774 1946; x_wconf 87' lang='lat' dir='ltr'>lapidis</span> <span class='ocrx_word' id='word_1_197' title='bbox 798 1894 961 1935; x_wconf 87' lang='lat' dir='ltr'>duritia</span> <span class='ocrx_word' id='word_1_198' title='bbox 985 1899 1195 1938; x_wconf 78' lang='lat' dir='ltr'>conterat.</span> <span class='ocrx_word' id='word_1_199' title='bbox 1221 1897 1386 1941; x_wconf 87' lang='lat' dir='ltr'>mobili.</span> <span class='ocrx_word' id='word_1_200' title='bbox 1416 1902 1464 1939; x_wconf 84' lang='lat' dir='ltr'>ut</span> <span class='ocrx_word' id='word_1_201' title='bbox 1490 1903 1645 1940; x_wconf 89' lang='lat' dir='ltr'>notum</span> 
     </span>
     <span class='ocr_line' id='line_1_24' title="bbox 159 1970 1646 2028; baseline 0.006 -20"><span class='ocrx_word' id='word_1_202' title='bbox 159 1971 234 2011; x_wconf 89' lang='lat' dir='ltr'>est.</span> <span class='ocrx_word' id='word_1_203' title='bbox 263 1970 355 2022; x_wconf 88' lang='lat' dir='ltr'>pilo</span> <span class='ocrx_word' id='word_1_204' title='bbox 381 1971 631 2011; x_wconf 77' lang='lat' dir='ltr'>vinctorum</span> <span class='ocrx_word' id='word_1_205' title='bbox 670 1972 836 2024; x_wconf 75' lang='lat' dir='ltr'>poenali</span> <span class='ocrx_word' id='word_1_206' title='bbox 875 1985 1020 2024; x_wconf 86' lang='lat' dir='ltr'>opera.</span> <span class='ocrx_word' id='word_1_207' title='bbox 1056 1972 1243 2013; x_wconf 87' lang='lat' dir='ltr'>Primori</span> <span class='ocrx_word' id='word_1_208' title='bbox 1269 1974 1386 2015; x_wconf 89' lang='lat' dir='ltr'>inest</span> <span class='ocrx_word' id='word_1_209' title='bbox 1411 1976 1536 2028; x_wconf 68' lang='lat' dir='ltr'>pyxis</span> <span class='ocrx_word' id='word_1_210' title='bbox 1562 1977 1646 2017; x_wconf 86' lang='lat' dir='ltr'>fer-</span> 
     </span>
     <span class='ocr_line' id='line_1_25' title="bbox 157 2047 1645 2094; baseline 0.004 -7"><span class='ocrx_word' id='word_1_211' title='bbox 157 2060 242 2087; x_wconf 81' lang='lat' dir='ltr'>rea.</span> <span class='ocrx_word' id='word_1_212' title='bbox 271 2047 475 2088; x_wconf 82' lang='lat' dir='ltr'>Excussis</span> <span class='ocrx_word' id='word_1_213' title='bbox 493 2048 596 2088; x_wconf 74' lang='lat' dir='ltr'>inde</span> <span class='ocrx_word' id='word_1_214' title='bbox 623 2049 786 2088; x_wconf 81' lang='lat' dir='ltr'>tunicis</span> <span class='ocrx_word' id='word_1_215' title='bbox 810 2050 970 2089; x_wconf 87' lang='lat' dir='ltr'>iterum</span> <span class='ocrx_word' id='word_1_216' title='bbox 991 2049 1147 2090; x_wconf 79' lang='lat' dir='ltr'>iisdem</span> <span class='ocrx_word' id='word_1_217' title='bbox 1166 2052 1452 2092; x_wconf 80' lang='lat' dir='ltr'>armamentis</span> <span class='ocrx_word' id='word_1_218' title='bbox 1480 2052 1645 2094; x_wconf 78' lang='lat' dir='ltr'>nudata</span> 
     </span>
     <span class='ocr_line' id='line_1_26' title="bbox 157 2124 1645 2179; baseline 0.003 -14"><span class='ocrx_word' id='word_1_219' title='bbox 157 2124 404 2166; x_wconf 78' lang='lat' dir='ltr'>conciditur</span> <span class='ocrx_word' id='word_1_220' title='bbox 429 2125 636 2166; x_wconf 89' lang='lat' dir='ltr'>medulla.</span> <span class='ocrx_word' id='word_1_221' title='bbox 680 2126 746 2165; x_wconf 85' lang='lat' dir='ltr'>Ita</span> <span class='ocrx_word' id='word_1_222' title='bbox 783 2126 896 2166; x_wconf 83' lang='lat' dir='ltr'>fiunt</span> <span class='ocrx_word' id='word_1_223' title='bbox 923 2126 1043 2166; x_wconf 71' lang='lat' dir='ltr'>alicae</span> <span class='ocrx_word' id='word_1_224' title='bbox 1071 2127 1155 2166; x_wconf 81' lang='lat' dir='ltr'>tria</span> <span class='ocrx_word' id='word_1_225' title='bbox 1182 2140 1365 2179; x_wconf 80' lang='lat' dir='ltr'>genera:</span> <span class='ocrx_word' id='word_1_226' title='bbox 1394 2129 1645 2169; x_wconf 84' lang='lat' dir='ltr'>minumum</span> 
     </span>
     <span class='ocr_line' id='line_1_27' title="bbox 158 2201 1639 2257; baseline 0.003 -17"><span class='ocrx_word' id='word_1_227' title='bbox 158 2213 205 2240; x_wconf 78' lang='lat' dir='ltr'>ac·</span> <span class='ocrx_word' id='word_1_228' title='bbox 234 2201 555 2244; x_wconf 80' lang='lat' dir='ltr'>secundarium.</span> <span class='ocrx_word' id='word_1_229' title='bbox 585 2201 949 2255; x_wconf 64' lang='lat' dir='ltr'>57›»«‹12clis.s·imum</span> <span class='ocrx_word' id='word_1_230' title='bbox 981 2216 1083 2243; x_wconf 71' lang='lat' dir='ltr'>vero</span> <span class='ocrx_word' id='word_1_231' title='bbox 1113 2204 1362 2255; x_wconf 62' lang='lat' dir='ltr'>aphaerema</span> <span class='ocrx_word' id='word_1_232' title='bbox 1389 2205 1639 2257; x_wconf 79' lang='lat' dir='ltr'>appellant»</span> 
     </span>
     <span class='ocr_line' id='line_1_28' title="bbox 158 2277 1644 2333; baseline 0.003 -16"><span class='ocrx_word' id='word_1_233' title='bbox 158 2279 200 2316; x_wconf 91' lang='lat' dir='ltr'>et</span> <span class='ocrx_word' id='word_1_234' title='bbox 225 2277 389 2318; x_wconf 86' lang='lat' dir='ltr'>ibidem</span> <span class='ocrx_word' id='word_1_235' title='bbox 420 2282 454 2325; x_wconf 57' lang='grc' dir='ltr'>ξ.</span> <span class='ocrx_word' id='word_1_236' title='bbox 495 2279 600 2319; x_wconf 75' lang='lat'>115:</span> <span class='ocrx_word' id='word_1_237' title='bbox 647 2279 793 2318; x_wconf 70' lang='lat' dir='ltr'>«Alica</span> <span class='ocrx_word' id='word_1_238' title='bbox 832 2279 1080 2319; x_wconf 86' lang='lat' dir='ltr'>adulterina</span> <span class='ocrx_word' id='word_1_239' title='bbox 1107 2280 1154 2320; x_wconf 82' lang='lat' dir='ltr'>fit</span> <span class='ocrx_word' id='word_1_240' title='bbox 1182 2294 1384 2320; x_wconf 69' lang='lat' dir='ltr'>maxume</span> <span class='ocrx_word' id='word_1_241' title='bbox 1417 2281 1594 2333; x_wconf 80' lang='lat' dir='ltr'>quidem</span> <span class='ocrx_word' id='word_1_242' title='bbox 1623 2296 1644 2321; x_wconf 84' lang='grc'>6</span> 
     </span>
     <span class='ocr_line' id='line_1_29' title="bbox 156 2355 1644 2407; baseline 0.003 -13"><span class='ocrx_word' id='word_1_243' title='bbox 156 2366 245 2396; x_wconf 87' lang='lat' dir='ltr'>zea.</span> <span class='ocrx_word' id='word_1_244' title='bbox 276 2367 370 2406; x_wconf 86' lang='lat' dir='ltr'>quae</span> <span class='ocrx_word' id='word_1_245' title='bbox 408 2355 454 2394; x_wconf 91' lang='lat' dir='ltr'>in</span> <span class='ocrx_word' id='word_1_246' title='bbox 493 2355 639 2395; x_wconf 70' lang='lat' dir='ltr'>Africa</span> <span class='ocrx_word' id='word_1_247' title='bbox 677 2355 945 2407; x_wconf 80' lang='lat' dir='ltr'>degenerat.</span> <span class='ocrx_word' id='word_1_248' title='bbox 972 2389 980 2396; x_wconf 93' lang='lat'>.</span> <span class='ocrx_word' id='word_1_249' title='bbox 1007 2389 1014 2396; x_wconf 95' lang='lat'>.</span> <span class='ocrx_word' id='word_1_250' title='bbox 1046 2357 1255 2397; x_wconf 77' lang='lat' dir='ltr'>farinario</span> <span class='ocrx_word' id='word_1_251' title='bbox 1296 2357 1436 2397; x_wconf 77' lang='lat' dir='ltr'>cribro</span> <span class='ocrx_word' id='word_1_252' title='bbox 1471 2358 1644 2398; x_wconf 74' lang='lat' dir='ltr'>subcer-</span> 
     </span>
     <span class='ocr_line' id='line_1_30' title="bbox 155 2430 1642 2489; baseline 0.004 -20"><span class='ocrx_word' id='word_1_253' title='bbox 155 2432 281 2470; x_wconf 90' lang='lat' dir='ltr'>nunt.</span> <span class='ocrx_word' id='word_1_254' title='bbox 318 2430 420 2481; x_wconf 82' lang='lat' dir='ltr'>Quae</span> <span class='ocrx_word' id='word_1_255' title='bbox 459 2431 506 2470; x_wconf 94' lang='lat' dir='ltr'>in</span> <span class='ocrx_word' id='word_1_256' title='bbox 535 2444 584 2471; x_wconf 90' lang='lat' dir='ltr'>eo</span> <span class='ocrx_word' id='word_1_257' title='bbox 615 2433 838 2475; x_wconf 79' lang='lat' dir='ltr'>remansit,</span> <span class='ocrx_word' id='word_1_258' title='bbox 883 2433 1115 2485; x_wconf 74' lang='lat' dir='ltr'>exoeptitia</span> <span class='ocrx_word' id='word_1_259' title='bbox 1155 2434 1405 2486; x_wconf 81' lang='lat' dir='ltr'>appellatur</span> <span class='ocrx_word' id='word_1_260' title='bbox 1432 2438 1473 2474; x_wconf 87' lang='lat' dir='ltr'>et</span> <span class='ocrx_word' id='word_1_261' title='bbox 1495 2447 1642 2489; x_wconf 68' lang='lat' dir='ltr'>gyran-</span> 
     </span>
     <span class='ocr_line' id='line_1_31' title="bbox 155 2505 1643 2561; baseline 0.002 -14"><span class='ocrx_word' id='word_1_262' title='bbox 155 2505 345 2548; x_wconf 69' lang='lat' dir='ltr'>dissi‘ma</span> <span class='ocrx_word' id='word_1_263' title='bbox 375 2510 450 2547; x_wconf 88' lang='lat' dir='ltr'>est.</span> <span class='ocrx_word' id='word_1_264' title='bbox 480 2507 648 2548; x_wconf 79' lang='lat' dir='ltr'>Rursus</span> <span class='ocrx_word' id='word_1_265' title='bbox 677 2522 770 2561; x_wconf 55' lang='lat' dir='ltr'>qua*</span> <span class='ocrx_word' id='word_1_266' title='bbox 809 2509 980 2550; x_wconf 88' lang='lat' dir='ltr'>transit.</span> <span class='ocrx_word' id='word_1_267' title='bbox 1011 2510 1171 2550; x_wconf 85' lang='lat' dir='ltr'>artiore</span> <span class='ocrx_word' id='word_1_268' title='bbox 1199 2511 1393 2550; x_wconf 81' lang='lat' dir='ltr'>cernitur</span> <span class='ocrx_word' id='word_1_269' title='bbox 1420 2514 1461 2550; x_wconf 84' lang='lat' dir='ltr'>et</span> <span class='ocrx_word' id='word_1_270' title='bbox 1490 2524 1643 2551; x_wconf 74' lang='lat' dir='ltr'>seeun-</span> 
     </span>
     <span class='ocr_line' id='line_1_32' title="bbox 155 2582 1643 2638; baseline 0.003 -16"><span class='ocrx_word' id='word_1_271' title='bbox 155 2582 278 2623; x_wconf 87' lang='lat' dir='ltr'>daria</span> <span class='ocrx_word' id='word_1_272' title='bbox 301 2587 494 2627; x_wconf 84' lang='lat' dir='ltr'>vocatur.</span> <span class='ocrx_word' id='word_1_273' title='bbox 524 2585 629 2625; x_wconf 86' lang='lat' dir='ltr'>item</span> <span class='ocrx_word' id='word_1_274' title='bbox 659 2585 878 2628; x_wconf 69' lang='lat' dir='ltr'>cribraria.</span> <span class='ocrx_word' id='word_1_275' title='bbox 909 2599 1002 2638; x_wconf 59' lang='lat' dir='ltr'>qua*</span> <span class='ocrx_word' id='word_1_276' title='bbox 1031 2586 1166 2626; x_wconf 83' lang='lat' dir='ltr'>simili</span> <span class='ocrx_word' id='word_1_277' title='bbox 1193 2586 1323 2627; x_wconf 90' lang='lat' dir='ltr'>modo</span> <span class='ocrx_word' id='word_1_278' title='bbox 1348 2587 1394 2626; x_wconf 88' lang='lat' dir='ltr'>in</span> <span class='ocrx_word' id='word_1_279' title='bbox 1420 2588 1549 2627; x_wconf 87' lang='lat' dir='ltr'>tertio</span> <span class='ocrx_word' id='word_1_280' title='bbox 1578 2601 1643 2627; x_wconf 84' lang='lat' dir='ltr'>re-</span> 
     </span>
     <span class='ocr_line' id='line_1_33' title="bbox 154 2661 1642 2711; baseline 0.003 -12"><span class='ocrx_word' id='word_1_281' title='bbox 154 2661 319 2700; x_wconf 83' lang='lat' dir='ltr'>mansit</span> <span class='ocrx_word' id='word_1_282' title='bbox 358 2661 498 2701; x_wconf 72' lang='lat' dir='ltr'>eribro</span> <span class='ocrx_word' id='word_1_283' title='bbox 540 2662 854 2711; x_wconf 67' lang='lat' dir='ltr'>angustissimo</span> <span class='ocrx_word' id='word_1_284' title='bbox 896 2667 937 2703; x_wconf 88' lang='lat' dir='ltr'>et</span> <span class='ocrx_word' id='word_1_285' title='bbox 976 2665 1148 2703; x_wconf 82' lang='lat' dir='ltr'>tantum</span> <span class='ocrx_word' id='word_1_286' title='bbox 1190 2664 1377 2704; x_wconf 75' lang='lat' dir='ltr'>harenas</span> <span class='ocrx_word' id='word_1_287' title='bbox 1416 2665 1642 2704; x_wconf 76' lang='lat' dir='ltr'>transmit-</span> 
     </span>
    </p>
   </div>
   <div class='ocr_carea' id='block_1_3' title="bbox 1508 2746 1565 2776">
    <p class='ocr_par' dir='ltr' id='par_1_3' title="bbox 1508 2746 1565 2776">
     <span class='ocr_line' id='line_1_34' title="bbox 1508 2746 1565 2776; baseline 0 0"><span class='ocrx_word' id='word_1_288' title='bbox 1508 2746 1565 2776; x_wconf 65' lang='lat'>1-2*</span> 
     </span>
    </p>
   </div>
  </div>
 </body>
</html>
