1975 3119
240 149 282 182 14
847 161 941 189 vrrA
963 161 1115 189 PERSIJ.

239 279 407 322 Stoicae.
438 279 513 331 qui
539 279 673 319 libros
700 277 995 331 philosopliiae
1023 277 1212 329 reliquit.
1238 275 1339 327 Sed]
1371 276 1577 319 Lucanus
1598 277 1729 318 mira-

236 357 367 397 batur
393 355 501 396 adeo
531 355 692 408 scripta
730 355 886 396 Flacci.
928 357 978 394 ut
1014 354 1086 394 vix
1113 367 1158 394 se
1198 355 1409 395 retineret
1435 353 1650 395 recitante
1678 366 1728 394 eo

238 433 291 473 de
318 446 452 477 more,
489 433 596 485 quin
633 433 711 472 illa
748 446 843 473 esse
883 445 986 472 vera
1013 434 1231 484 poemata,
1278 445 1357 472 sua
1396 430 1525 472 ludos
1552 429 1727 472 diceret.

240 510 345 551 Sero
373 510 579 562 cognovit
607 512 648 549 et
677 508 903 553 Senecam,
935 507 1011 548 sed
1036 521 1129 548 non
1154 511 1203 548 ut
1229 511 1460 561 caperetur
1488 508 1582 549 eius
1608 507 1730 560 inge-

238 587 326 626 nio.
355 585 472 627 Usus
500 588 563 625 est
592 584 709 637 apud
736 584 981 626 Cornutum
1009 584 1198 624 duorum
1224 584 1429 625 convictu
1454 583 1730 626 doctissimo-

239 676 337 703 rum
365 666 406 703 et
434 663 816 703 sanctissimorum
854 663 1050 703 virorum
1090 662 1248 702 acriter
1278 664 1384 702 tunc
1410 661 1730 715 philosophan—

237 741 363 783 tium.
407 739 563 781 Claudi
603 739 852 792 Agathurni
895 738 1055 779 medici
1097 738 1422 779 Lacedaemonii
1465 740 1507 779 et
1552 737 1731 779 Petroni

237 817 520 858 Aristocratis
546 816 779 869 Magnetis.
810 830 920 869 quos
947 816 1078 856 unice
1106 816 1292 856 miratus
1321 817 1386 856 est
1414 818 1456 856 et
1482 815 1727 856 aemulatus.

238 907 339 934 cum
365 894 555 946 aequales
584 896 732 934 essent
755 891 951 936 Cornuti,
982 893 1130 932 minor
1156 892 1262 945 ipse.

310 971 348 1011 7.
378 970 501 1010 Idem
524 969 675 1010 decem
701 970 792 1009 fere
831 969 961 1009 annis
987 981 1158 1009 summe
1185 967 1372 1008 dilectus
1400 981 1424 1008 a
1450 967 1568 1008 Paeto
1596 967 1730 1008 Thra-

240 1061 313 1088 sea
342 1050 406 1087 est
432 1047 506 1091 ita,
547 1049 595 1086 ut
634 1046 992 1099 peregrinaretur
1031 1058 1204 1098 quoque
1247 1058 1347 1085 cum
1387 1057 1436 1085 eo
1477 1043 1728 1097 aliquando,

239 1126 473 1177 cognatam
501 1124 595 1163 eius
621 1123 796 1163 Arriam
817 1135 1000 1163 uxorem
1027 1122 1231 1163 habente.

311 1202 348 1243 8.
378 1200 481 1241 Fuit
508 1213 683 1240 morum
709 1200 1053 1243 lenissimorum,
1079 1198 1352 1239 verecundiae
1378 1198 1620 1251 virginalis,
1646 1198 1731 1238 for-

239 1291 320 1318 mae
347 1278 553 1330 pulchrae,
591 1277 770 1329 pietatis
811 1290 912 1329 erga
951 1278 1140 1317 matrem
1168 1278 1210 1316 et
1238 1288 1434 1316 sororem
1473 1278 1516 1315 et
1549 1275 1730 1316 amitam

241 1354 438 1407 exemplo
468 1352 740 1394 sufficientis.

312 1433 349 1472 9.
380 1431 482 1471 Fuit
508 1431 634 1482 frugi,
664 1430 862 1483 pudicus.

285 1509 348 1549 10.
378 1508 573 1561 Reliquit
614 1508 728 1548 circa
754 1506 830 1547 HS
856 1507 990 1547 vicies
1018 1506 1150 1546 matri
1193 1508 1234 1546 et
1262 1506 1403 1546 sorori
1430 1505 1605 1559 scriptis
1634 1507 1729 1545 tan-

238 1588 335 1626 tum
358 1585 411 1626 ad
435 1588 621 1625 matrem
639 1583 865 1624 codicillis.
892 1582 1086 1624 Cornuto
1111 1583 1281 1635 rogavit
1297 1585 1346 1623 ut
1368 1581 1492 1623 daret
1515 1581 1728 1625 sestertia.

238 1666 287 1703 ut
314 1662 493 1715 quidam
521 1661 684 1705 dicunt
706 1661 749 1705 C*
770 1664 818 1701 ut
842 1661 928 1705 alii,
960 1660 994 1699 L
1019 1663 1060 1700 et
1079 1660 1251 1712 argenti
1276 1660 1381 1700 facti
1402 1657 1550 1712 pondo
1573 1658 1730 1710 viginti

241 1743 282 1780 et
321 1740 456 1779 libros
499 1740 612 1779 circa
655 1739 961 1791 septingentos
1002 1735 1238 1789 Chrysippi
1277 1736 1366 1776 sive
1405 1735 1731 1787 bybliothecam

241 1830 365 1858 suam
394 1829 585 1856 omnem.
614 1815 777 1856 Verum
806 1829 830 1855 a
857 1813 1053 1855 Cornuto
1089 1813 1273 1854 sublatis
1299 1812 1424 1853 libris
1450 1812 1639 1865 pecunia
1663 1823 1729 1851 so-

239 1894 424 1935 roribus.
456 1907 563 1945 quas
592 1891 775 1932 here-des
803 1892 938 1931 frater
966 1892 1138 1933 fecerat.
1170 1890 1320 1929 relicta
1349 1892 1425 1929 est.

318 1971 380 2010 l'l.
412 1970 683 2022 Scriptitavit
711 1972 752 2008 et
780 1981 877 2009 raro
907 1970 949 2007 et
975 1966 1110 2007 tarde.
1135 1966 1266 2006 Hunc
1292 1966 1441 2018 ipsum
1468 1965 1629 2005 librum
1650 1964 1732 2004 im-

241 2049 485 2101 perfectum
514 2047 702 2098 iwliquit.
732 2045 896 2085 Versus
931 2044 1064 2096 aliqui
1094 2043 1261 2096 dempti
1290 2046 1393 2083 sunt
1420 2042 1577 2082 ultimo
1606 2041 1728 2085 libro,

242 2128 290 2165 ut
317 2126 441 2178 quasi
468 2125 622 2164 linitus
662 2126 789 2164 esset.
832 2123 1008 2162 Leviter
1045 2122 1242 2162 conrcxit
1275 2120 1496 2162 Cornutus
1525 2123 1567 2160 et
1593 2117 1732 2159 Caesio

242 2202 378 2241 Basso
406 2201 587 2253 petenti.
618 2204 665 2239 ut
692 2200 787 2252 ipso
817 2199 975 2242 odoret.
1006 2197 1186 2238 tradidit
1215 2197 1446 2237 edendum.

323 2279 381 2318 152.
413 2278 657 2330 scripserat
696 2278 742 2316 in
783 2277 973 2329 pueritia
1013 2275 1195 2315 Flaccus
1236 2275 1368 2314 etiam
1407 2275 1664 2327 praetextam
1692 2275 1733 2311 et

244 2354 570 2407 lmslocqqoricon
615 2354 772 2393 librum
812 2366 951 2392 unum
983 2355 1023 2391 et
1050 2364 1214 2404 paucos
1242 2351 1288 2390 in
1317 2363 1489 2390 socrum
1517 2349 1730 2390 Thraseae.

247 2432 286 2470 in
316 2431 488 2470 Arriani
531 2434 726 2472 matrem.
768 2443 933 2471 versus.
976 2442 1068 2481 quw
1111 2443 1155 2467 sc
1197 2432 1298 2468 ante
1331 2427 1473 2467 virum
1501 2424 1730 2466 occiderat.

245 2508 400 2546 Omnia
433 2522 478 2546 αι
510 2510 662 2546 auctor
691 2507 772 2546 fuit
800 2506 1023 2545 Cornutus
1052 2506 1181 2545 matri
1211 2505 1317 2545 eius.
1348 2508 1395 2544 ut
1423 2503 1629 2543 aboleret.

326 2584 383 2623 122.
414 2583 589 2623 mutum
622 2583 779 2622 librum
808 2583 1020 2621 contimlo
1046 2582 1193 2621 mirari
1224 2581 1427 2620 hominos
1465 2582 1506 2619 ct
1544 2577 1732 2630 diripere

245 2664 483 2712 ‹·«1·J›‹=1·1111t.
