1975 3119
818 168 913 195 VITA
934 167 1084 196 PERsn.
1658 156 1697 187 15»

282 284 348 324 14.
375 282 575 324 Decessit
601 286 751 324 autem
775 285 883 324 vitio
913 285 1131 324 stomachi
1157 297 1274 325 anno
1303 285 1444 325 aetatis
1471 284 1633 326 XXXJ

282 360 347 401 15.
377 358 462 400 Sed
487 373 589 400 mox
614 361 663 399 ut
690 373 715 400 a
742 360 892 400 schola
916 360 1226 412 magistrisque
1249 359 1446 404 devertit,
1473 361 1584 401 lecto
1608 361 1693 401 Lu-

207 437 280 477 cili
311 437 422 477 libro
465 435 635 477 decimo
673 437 961 476 vehementer
999 440 1170 477 saturas
1208 450 1473 490 componere
1513 437 1692 478 studuit.

206 513 342 555 Cuius
367 513 466 554 libri
493 513 764 566 principium
801 514 1003 554 imitatus
1032 517 1096 554 est
1125 513 1207 554 sibi
1233 514 1389 566 primo.
1426 527 1526 553 mox
1553 515 1693 554 omni-

205 591 286 631 bus
325 589 646 631 detrectaturus
685 603 785 629 cum
822 592 947 630 tanta
986 591 1229 630 recentium
1268 593 1501 643 poetarum
1529 594 1569 630 et
1598 604 1692 630 ora-

203 669 351 708 torum
366 667 672 711 insectatione.
698 671 746 707 ut
769 667 903 707 etiam
926 667 1147 708 Neronem
1168 668 1416 721 principem
1441 668 1562 708 illius
1584 672 1692 707 tem-

202 744 324 797 poris
349 744 653 797 inculpaverit.
679 742 814 784 Cuius
840 757 992 784 versus
1019 745 1067 784 in
1089 744 1311 784 Neronem
1333 758 1434 784 cum
1459 745 1519 784 ita
1549 759 1593 784 se
1616 745 1692 784 ha-

202 820 348 862 beret:
382 821 636 862 «Auriculas
664 821 779 862 asini
806 820 927 861 Mida
955 835 1028 861 rex
1056 821 1229 866 habet»,
1259 822 1307 862 in
1335 835 1436 862 eum
1462 821 1643 861 modum
1668 835 1689 861 a

203 897 399 939 Cornuto
425 898 522 951 ipso
550 900 726 938 tantum
742 898 924 938 nomine
943 902 1113 939 mutato
1134 902 1199 939 est
1227 898 1512 940 emendatus:
1543 899 1690 939 «Auri-

203 975 324 1015 culas
351 975 466 1015 asini
492 975 590 1027 quis
616 988 709 1015 non
735 974 940 1017 habet-9».
966 988 1022 1015 ne
1046 976 1129 1015 hoc
1155 976 1203 1016 in
1230 989 1275 1016 se
1298 976 1411 1017 Nero
1435 975 1602 1016 dictum
1625 990 1690 1016 ar-

201 1051 451 1092 bitraretur.

271 1233 292 1252 *
318 1232 379 1266 Ita
405 1232 564 1274 codices,
592 1233 691 1276 quod
717 1233 859 1267 falsum
889 1234 1155 1268 demonstrant
1176 1236 1377 1269 consulum
1397 1236 1553 1270 nomina
1573 1248 1686 1281 supra

199 1296 336 1340 posita,
362 1297 463 1330 unde
488 1300 641 1341 poetam
669 1309 768 1331 anno
796 1299 919 1332 aetatis
946 1299 1126 1333 XXVIII.
1155 1301 1361 1334 decessisse
1389 1302 1521 1335 elucet.
